2758 4270
290 253 355 300 GAP.
379 253 408 297 V.
433 253 473 299 DII
497 251 653 300 mouscflls
677 251 713 298 ΕΤ
737 251 953 298 besuensibus
1051 247 1105 302 293

130 446 247 522 sionis,
261 445 301 510 ad
312 446 526 510 recitationem
550 445 647 510 divini
670 444 772 510 Officii
795 445 844 510 sui
871 444 1014 509 instituti
1040 462 1108 526 pro·

130 545 222 627 prii?
239 581 283 590 -
299 545 337 608 R.
354 543 551 608 Affirmative
574 543 676 626 quoad
699 543 849 608 moniales
868 544 943 607 vota
958 541 1106 606 solemnia

132 643 293 724 professas
316 643 402 706 iuxta
425 642 567 726 regulam
590 642 629 706 ab
652 641 831 724 Apostolica
856 641 933 706 Sede
956 639 1105 724 approba·

129 739 216 816 tam,
232 739 264 802 in
282 759 341 820 qua
366 739 545 804 huiusmodi
570 757 648 804 onus
671 739 851 820 imponitur.
869 735 900 803 Si
917 740 1022 802 tamen
1042 737 1105 802 tale

128 855 216 903 onus
239 838 270 900 in
293 837 410 920 regulis
434 857 493 902 non
517 838 706 920 imponatur,
738 835 852 902 Orator
875 837 1016 902 consulat
1038 854 1106 918 pro-

130 935 229 998 batos
253 938 396 1000 auctores
428 936 525 1000 relate
549 935 589 999 ad
613 935 847 1019 obligationem,
873 953 951 1016 quae
978 953 1013 998 ex
1039 953 1105 998 con·

129 1031 301 1096 suetudine
325 1033 400 1096 oriri
433 1035 546 1114 potest.
570 1033 632 1098 Ubi
657 1052 727 1097 vero
751 1035 824 1097 vota
848 1031 1001 1114 simplicia
1031 1033 1105 1107 sint,

129 1149 197 1194 non
221 1131 318 1194 teneri
335 1155 352 1188 »
380 1129 424 1212 (S.
438 1129 471 1194 O.
496 1131 712 1207 silebitis,
740 1131 780 1194 19
795 1125 878 1214 'Apr.
905 1131 1015 1212 1844).

184 1227 261 1292 869.
276 1266 319 1274 -
334 1228 423 1292 XIII.
437 1229 580 1293 inurens
595 1229 741 1294 Mruoens
757 1245 948 1294 srunnrcrrna
962 1245 1106 1292 rsorsssr

130 1325 215 1408 (nou
239 1326 380 1390 obstante
413 1327 651 1410 praescriptione
679 1327 829 1411 regulae),
854 1343 917 1390 sou
940 1344 1106 1390 rursusne

131 1423 178 1488 ad
209 1425 366 1506 privatam
397 1424 499 1489 Officii
533 1424 756 1498 recItetionem,
780 1429 816 1488 ut
846 1424 1028 1488 constater
1058 1443 1104 1488 se-

133 1522 246 1603 quenti
281 1521 498 1586 declaratione.
532 1522 689 1586 Dubium:
713 1521 761 1586 An
794 1521 927 1586 Professi
961 1523 1103 1586 votorum

132 1619 328 1701 simplicium
353 1621 384 1683 iu
399 1618 512 1684 OrdIne
535 1619 701 1695 Minorum,
717 1640 753 1684 er
771 1621 801 1685 vi
817 1620 966 1704 Regulae,
983 1621 1106 1682 tenean-

132 1717 192 1780 tur
214 1716 255 1779 ad
286 1717 441 1798 privatam
472 1718 687 1781 recIteticnem
710 1717 808 1782 divini
835 1717 946 1794 Officii,
970 1719 1007 1781 ut
1029 1716 1105 1782 sole

135 1815 253 1878 multer
284 1815 435 1896 professi?
458 1851 502 1861 -
525 1815 697 1880 Resolutio.
722 1814 816 1880 Sacra
846 1815 959 1899 Congr.
983 1815 1104 1897 Episco

17 1929 19 1932 ·
131 1931 248 1994 porum
272 1916 303 1977 et
328 1913 541 1998 Regularium,
559 1933 591 1977 re
614 1913 762 1990 dIscussa,
787 1914 845 1977 sub
868 1913 916 1977 die
937 1915 979 1976 24
996 1913 1104 1976 Martii

138 2011 235 2086 1882,
260 2013 379 2076 censuit
411 2031 477 2076 esse
511 2011 770 2094 respondendum:
803 2037 820 2070 «
842 2011 911 2077 Non
944 2013 1041 2076 teneri
1064 2011 1104 2074 ad

132 2127 278 2174 normam
302 2111 455 2192 Rescripti
479 2110 540 2174 diei
557 2111 577 2172 6
594 2109 732 2194 Augusti
755 2109 828 2174 anni
847 2110 966 2172 1858»
990 2107 1103 2192 (Anat.

139 2205 177 2272 0.
194 2208 245 2272 M.
266 2207 312 2287 0,
338 2209 362 2285 Ι,
388 2209 467 2292 202)
487 2205 508 2269 ¹.

154 2455 156 2459 ·
183 2426 376 2482 'Notandum
395 2427 470 2482 eirca
489 2443 589 2496 pueros
617 2427 767 2481 Ranrnronr
797 2444 925 2480 ornares.
946 2425 1029 2490 (Vide
1049 2424 1105 2479 De·

135 2515 206 2580 soti,
227 2515 248 2580 Ι,
268 2514 340 2574 286).
361 2541 397 2552 --
422 2515 442 2568 Ι.
463 2513 517 2568 Diu
545 2514 637 2583 viguit
664 2513 823 2582 disciplina,
852 2529 938 2582 quem
965 2515 1104 2566 memorat

139 2605 263 2668 Hieron,
284 2621 327 2672 cp.
349 2605 399 2658 107
419 2603 453 2657 ad
474 2603 598 2668 Laetam,
613 2608 644 2657 nt
664 2607 795 2670 parentes
814 2603 941 2656 infantes
961 2601 1033 2656 fiIIos
1047 2618 1103 2656 non

135 2695 220 2748 modo
240 2693 385 2748 clericatui
404 2693 546 2757 offerrent,
560 2694 608 2748 aed
621 2694 705 2748 ctiam
723 2693 896 2757 manauerio,
916 2709 966 2760 pro
987 2708 1043 2760 qna
1062 2691 1105 2746 di·

136 2783 261 2851 sciplina
290 2782 425 2837 acerrime
454 2785 619 2850 pugnarunt
647 2781 722 2836 Petr.
741 2779 870 2835 Damian.
891 2780 992 2849 Opusc.
1014 2782 1055 2846 16,
1075 2785 1104 2836 et

135 2871 271 2926 Babanns
283 2871 398 2926 Maurus
421 2871 559 2941 singulari
573 2871 678 2930 libello,
693 2887 777 2939 quem
790 2871 948 2938 composuit
968 2869 1103 2924 adversus

135 2959 283 3030 quosdam,
297 2961 352 3030 ¹qui
375 2961 467 3015 eidem
493 2961 662 3029 disciplinas
690 2960 879 3014 resistebant:
908 2959 993 3028 idque
1022 2977 1103 3028 argu·

137 3056 263 3106 mentum
283 3052 342 3104 late
361 3051 548 3120 persequitur,
569 3050 697 3105 Gratias.
717 3067 793 3106 cans.
813 3050 855 3113 20,
875 3068 901 3118 q.
924 3051 947 3102 1.

171 3141 206 3194 ΙΙ.
227 3140 264 3194 Hi
284 3141 363 3208 pueri
382 3158 399 3194 a
419 3141 584 3209 parentibus
604 3141 776 3196 monasterio
796 3139 971 3200 abiaticum
985 3139 1103 3207 puberes

134 3236 295 3296 evaserant,
315 3232 458 3287 discedere
477 3251 533 3286 non
552 3235 686 3300 poterant
700 3232 736 3286 ab
755 3248 788 3286 eo
808 3231 884 3285 vitae
903 3231 1045 3290 instituto.
1058 3229 1103 3285 crui

17 3333 19 3336 ·
133 3321 222 3375 semel
242 3321 348 3375 addicti
368 3322 489 3376 fuerant.
504 3317 576 3374 Hinc
588 3321 659 3374 illud
672 3319 764 3376 Tolet.
786 3320 913 3385 Concilii,
927 3319 1103 3388 quodetiam

136 3415 275 3466 memorat
304 3410 389 3466 Clem.
409 3411 458 3477 ΙΙΙ,
479 3411 508 3465 in
528 3429 550 3465 c.
573 3412 614 3474 12,
641 3411 675 3466 de
693 3411 808 3480 Regni:
830 3409 1028 3465 “Monachum
1040 3413 1104 3472 ,aut

137 3503 257 3568 paterna
284 3499 406 3566 devotio,
426 3505 476 3554 aut
495 3499 633 3569 professio
662 3500 734 3555 facit
752 3523 781 3566 ,;
800 3503 830 3555 ct
849 3497 953 3554 OonciI.
973 3498 1105 3554 Worma-

136 3589 226 3644 tianse
247 3607 292 3644 an.
311 3589 374 3656 868,
388 3607 440 3644 can
470 3592 520 3645 22:
541 3590 552 3614 ¹⁴
570 3590 599 3646 si
619 3595 709 3660 pater,
728 3590 830 3658 inquit,
845 3590 890 3645 vel
909 3592 1001 3644 mater
1014 3589 1103 3642 filium

134 3677 281 3759 filiamque
310 3677 386 3732 intra
414 3682 498 3748 septa
526 3678 692 3734 monasterii
721 3677 751 3731 in
781 3677 922 3732 infantiae
951 3677 1033 3731 annis
1053 3677 1105 3730 sub
