2750 4270
316 249 381 296 CAP.
405 251 448 296 111.
474 251 512 296 DE
536 249 747 297 EPISCOPORUM
770 251 923 298 GBADIBUS
1055 249 1100 302 171

132 488 177 498 —
203 451 238 512 6⁰
262 449 341 514 Acta
365 449 542 516 huiusmodi
567 469 763 515 consessuum
789 449 1009 532 episcopalium
1033 449 1103 515 bre-

132 549 215 614 viori
239 559 301 630 qua
323 548 388 612 fieri
411 550 527 630 poterit
551 549 651 612 forma
674 549 879 632 redigantur3
914 550 946 612 et
970 549 995 612 si
1020 569 1099 631 quae

130 647 339 712 resolutiones
356 647 405 711 111
416 647 673 728 praescriptiones
689 647 770 711 clero
787 647 836 710 vel
852 645 994 710 fidelibus
1019 666 1104 712 com-

131 744 338 808 municandae
362 744 535 818 videantur,
559 744 591 808 id
625 764 691 826 per¹
713 743 835 808 litteras
867 744 1030 808 circulares
1053 745 1103 808 vel

99 875 103 882 ·
131 861 187 925 per
212 842 377 923 epistolam
401 843 587 924 pastoralem
612 860 817 916 communem,
842 843 965 906 concisa
989 843 1104 923 pariter

130 941 235 1004 forma
260 941 429 1016 exaratam,
453 939 518 1004 fieri
542 940 713 1022 poterit».

176 1037 256 1099 491.
281 1073 324 1082 -
347 1037 389 1100 11.
414 1035 631 1118 Metropolitae
650 1037 921 1120 Suffraganeorum
946 1037 1103 1120 negligen-

129 1133 215 1198 tiam
234 1134 378 1214 supplent
401 1153 513 1215 eosque
537 1134 727 1216 compellunt
747 1133 786 1196 ad
803 1133 1012 1197 residentiam.

178 1231 257 1294 492.
274 1267 318 1276 -—
334 1231 390 1294 111.
409 1231 544 1295 Minores
560 1251 670 1296 causas
686 1231 862 1294 criminales
883 1231 1102 1314 Episcopcrum

96 1364 101 1372 ·
129 1330 168 1392 ia
197 1327 337 1392 Concilio
361 1327 548 1393 Providerat
554 1330 560 1342 ‘
575 1331 699 1394 tantum
716 1331 915 1412 cognoscunt.
940 1325 1104 1394 Graviores

128 1446 247 1491 causae
271 1426 372 1508 Papae
396 1429 602 1490 reservantur.

177 1525 257 1588 493.
266 1561 306 1570 -
319 1523 372 1586 IV.
385 1523 605 1606 Metropolitae
618 1525 648 1588 in
661 1525 824 1589 Dioeoeses
833 1523 1103 1609 Suffraganecrum

130 1623 222 1686 nulla
246 1621 459 1686 iurisdictione
475 1621 603 1703 pollent,
621 1622 681 1686 nisi
698 1622 728 1685 in
745 1619 964 1701 appellatione,
982 1623 1013 1686 in
1029 1624 1104 1686 visi·

131 1721 261 1794 tatione,
280 1721 311 1782 et
327 1720 358 1782 in
374 1719 576 1784 devotatione.
592 1719 674 1784 Hinc
700 1721 733 1782 1⁰
752 1717 983 1801 Appellationes
999 1740 1017 1784 a
1033 1740 1103 1785 sen-

130 1817 235 1882 tentia
252 1815 523 1900 Suffraganeorum
540 1817 713 1898 suscipiunt
730 1817 762 1880 et
777 1816 926 1880 iudicant.
945 1818 980 1880 2⁰
1000 1814 1106 1880 Causa

129 1916 260 1994 ccpaita
288 1918 317 1976 et
338 1914 475 1994 probato
503 1914 536 1977 ia
573 1913 711 1978 Concilio
739 1913 938 1993 provinciali,
974 1917 1102 1996 possunt

130 2013 288 2076 dioeceses
312 2013 577 2094 suffraganeorum
602 2011 738 2075 visitare.
764 2013 868 2086 Secus,
889 2031 948 2076 non
962 2012 1101 2094 possunt.

130 2109 224 2174 Unde
248 2109 323 2174 haec
346 2109 486 2174 visitatio
511 2110 573 2173 iere
596 2110 746 2174 desuevit.
769 2109 805 2171 3⁰
823 2109 899 2173 Sede
915 2111 1102 2193 suffraganei

132 2208 276 2281 vacante,
304 2207 464 2271 Vicarium
491 2207 695 2290 capitularem
730 2227 766 2271 11
796 2207 863 2270 1111
894 2201 1102 2272 (111111111111

130 2305 342 2381 11111111111,
366 2303 393 2368 11
416 2303 596 2387 Capitulum
620 2305 652 2368 id
678 2325 731 2386 per
762 2305 831 2370 octo
856 2303 921 2367 dies
952 2324 970 2368 a
1001 2305 1102 2368 morte

130 2403 276 2484 Episcopi
300 2402 477 2486 neglexerit.
496 2403 529 2466 Si
546 2421 617 2467 vero
635 2403 720 2468 sedes
744 2402 985 2483 metropolitana
1002 2403 1101 2480 vacet,

128 2500 211 2563 haec
235 2499 368 2563 facultas
391 2500 541 2581 competit
564 2501 714 2582 Episcopo
731 2499 905 2582 provinciae
922 2501 1101 2582 antiquiori.

178 2595 257 2657 494.
283 2633 319 2641 -
349 2595 387 2658 V.
412 2597 614 2678 Metropolita
638 2615 710 2660 cum
735 2597 946 2660 visitationem
976 2597 1007 2660 in
1039 2597 1103 2660 suf-

130 2692 275 2775 fraganei
299 2693 429 2758 dioecesi
460 2694 618 2775 persolvit,
647 2695 750 2776 potest
780 2715 900 2757 cracem
928 2693 1101 2773 praeferre,

130 2789 377 2855 benedictionem
410 2791 573 2872 impertiri.
609 2791 800 2873 pontificalia
835 2793 944 2868 facere,
980 2791 1103 2872 aliaque

130 2888 226 2970 plura
249 2889 366 2968 exequi,
392 2907 470 2968 quae
498 2889 709 2953 visitationem
744 2889 921 2970 respiciunt.
957 2889 1001 2952 At
1028 2889 1103 2952 haec

131 2985 276 3050 visitatio
301 2985 332 3048 in
356 2985 450 3049 ltalia
474 3004 534 3050 non
558 2986 595 3049 fit
618 2987 733 3068 absque
756 2986 937 3068 Apostolica
961 2987 1103 3050 commis·

131 3083 221 3147 sione
239 3079 260 3144 ¹.

180 3318 188 3351 ¹
211 3321 392 3376 Notandum:
408 3323 427 3376 1.
445 3322 510 3377 “De
525 3323 719 3378 iurisdictione
733 3323 944 3392 Archiepiscopi
959 3324 1102 3390 generalis

132 3411 235 3480 regula
255 3411 344 3465 statui
364 3412 551 3480 1111111111,
568 3429 630 3466 eum
644 3430 705 3468 esse
719 3413 898 3466 Ordinarium
911 3430 1023 3467 suorum
1038 3413 1104 3466 Suf-

133 3499 339 3566 fraganeoruur
358 3501 387 3554 in
406 3501 441 3554 iia
462 3505 574 3555 tantum
594 3519 666 3570 quae
686 3519 703 3555 a
722 3503 781 3556 iure
808 3501 832 3556 11
862 3506 928 3556 aunt
956 3501 1102 3570 permissa,

131 3589 244 3644 nullam
264 3592 360 3643 autern
386 3591 491 3645 habere
517 3591 741 3646 iurisdictionem
770 3591 800 3644 in
828 3591 897 3646 locis
926 3607 998 3659 quae
1026 3591 1104 3645 intra

131 3696 231 3734 eorum
250 3677 402 3734 dioecesim
422 3683 497 3745 suut,
517 3681 561 3735 vel
582 3681 611 3733 ia
631 3681 792 3734 eorumdem
822 3681 960 3745 subditos,
989 3681 1045 3734 uisi
1072 3680 1101 3734 in
