2812 4268
288 263 341 318 425
565 265 752 312 'simulatus
775 267 815 312 DE
838 266 961 314 IUDICIIS

286 483 449 545 sententio.
474 483 519 546 Ex
543 481 680 550 Concilio
704 485 930 561 Tridentinae
954 487 1109 550 sententia
1124 487 1254 551 interlo-

286 581 406 644 cutoria
430 600 490 644 non
514 583 699 663 appellatur,
724 584 782 648 nisi
805 603 974 668 gravamen
998 603 1052 666 per
1067 585 1255 666 appellatio-

286 695 355 739 nem
379 697 397 741 a
421 680 574 743 sententia
601 679 761 744 definitiva
776 682 913 763 reparari
928 684 1070 762 nequeat.
1198 683 1201 690 '

333 775 429 838 1361.
454 813 495 824 --
519 776 589 840 Vll.
614 779 792 860 Appellatio
812 781 862 854 est
885 795 1067 844 suasansrvr
1094 781 1143 844 vel
1161 797 1257 845 onvo-

287 888 407 937 Lunum.
1217 921 1220 930 .

333 970 428 1034 1362.
454 1009 495 1016 -
519 972 606 1035 Vlll.
630 973 812 1053 Appellatio
847 980 893 1037 eat
915 973 1054 1054 lepitimo
1077 975 1253 1057 66166666-

287 1070 371 1132 timo.
407 1068 585 1152 Appellatio
621 1071 764 1155 legitima
793 1072 980 1136 interiioitur
1011 1091 1046 1135 ex
1070 1073 1256 1139 rationabili

285 1185 388 1232 causa.
412 1168 589 1250 Appellatio
612 1165 778 1254 illegitima
802 1169 915 1234 dicitur
938 1168 1061 1248 friuola
1087 1171 1113 1234 si
1138 1190 1176 1234 ex
1190 1172 1254 1238 levi

286 1285 379 1330 causa
411 1267 641 1348 interponatur3
674 1267 789 1331 dicitur
818 1267 1026 1347 frustratoria
1054 1269 1080 1332 si
1105 1269 1163 1333 liat
1184 1271 1255 1334 tan-

285 1365 353 1427 tum
377 1364 417 1428 ad
439 1364 626 1428 solutionem
649 1365 899 1448 protrahendam.
923 1403 967 1412 -
990 1366 1200 1452 (Huguenin).

333 1463 427 1525 1363.
445 1488 495 1508 6-
521 1465 666 1528 facultas
683 1462 874 1545 appellandi.
894 1499 933 1512 -
962 1465 1031 1528 Duo
1060 1467 1256 1548 praescripta

285 1563 359 1624 sunt
370 1580 534 1625 causarum
547 1580 659 1644 genera
671 1563 703 1624 in
715 1563 826 1642 quibus
838 1563 1007 1644 appellatio
1020 1582 1078 1627 non
1089 1564 1256 1646 suspendit

286 1661 495 1723 executionem
519 1661 700 1724 sententiae.
723 1660 781 1724 Aa
797 1663 937 1740 primam
970 1681 1068 1742 66666
1095 1663 1256 1744 pertinent

285 1758 456 1822 sententiae
480 1758 591 1838 quibus
615 1759 724 1840 aliqua·
742 1777 869 1822 censura
898 1759 1014 1823 inflicta
1030 1761 1095 1824 est:
1114 1761 1256 1842 itemque

284 1876 394 1922 causae
418 1875 496 1938 quae
519 1875 626 1920 carram
650 1858 835 1934 animarum,
859 1859 979 1922 cultum
1007 1859 1158 1934 divinum,
1183 1877 1257 1925 cor·

284 1955 450 2018 rectionem
474 1971 595 2018 morum
619 1955 770 2036 spectant,
799 1955 896 2019 veluti
912 1955 1034 2018 decreta
1050 1955 1195 2038 Episcopi
1219 1957 1253 2020 in

285 2051 462 2116 visitatione
486 2050 640 2115 dioecesis.
664 2051 722 2138 Ad
745 2051 879 2116 alterum
894 2073 993 2134 66666
1009 2054 1166 2136 pertinent
1181 2055 1253 2118 tum

284 2169 395 2214 causac
419 2168 496 2231 quae
519 2167 639 2214 moram
670 2168 731 2213 666
765 2151 938 2232 patiuntur,
963 2153 1032 2215 tum
1062 2171 1175 2216 causae
1197 2171 1258 2235 per

283 2247 465 2312 Pontificem
489 2249 670 2312 commissae
693 2247 901 2328 appellatione
917 2253 1035 2312 remoto
1058 2249 1140 2333 (id).

331 2346 427 2408 1364.
452 2381 495 2390 ——
520 2345 601 2411 Ordo
626 2347 882 2427 appellationum.
901 2347 985 2409 ——L
1002 2345 1183 2412 Generatim
1201 2367 1256 2431 ap·

284 2445 398 2526 pellere
413 2443 486 2507 licet
510 2463 528 2508 6
552 2444 660 2524 quovis
676 2444 785 2521 iudice,
802 2447 854 2526 qui
870 2445 967 2509 relato
983 2445 1023 2509 ad
1039 2465 1167 2510 cansam
1183 2466 1253 2512 oon-

273 2543 463 2620 ·'troveream
480 2543 574 2606 habet
597 2542 794 2624 superiorem.
835 2577 837 2580 ·

331 2641 427 2702 1365.
454 2677 490 2686 -
518 2639 560 2702 ll.
584 2641 610 2702 A
635 2640 734 2704 iudice
758 2659 900 2724 supremo
924 2642 1010 2706 nulla
1035 2641 1129 2706 datur
1144 2645 1254 2726 appel-

284 2739 373 2814 latio,
397 2757 467 2802 cum
490 2739 517 2801 ie
540 2739 727 2819 superiorem
751 2757 810 2802 non
833 2740 1043 2824 recognoscat.

331 2835 427 2900 1366.
453 2873 494 2881 -
520 2835 575 2899 ΙΙΙ.
599 2835 648 2899 Ab
669 2835 737 2918 ipso
761 2836 850 2920 Papa
869 2855 930 2902 non
953 2837 1046 2912 datur
1069 2839 1255 2922 appellatio,

284 2933 447 3017 nequidem
471 2933 510 2998 ad
533 2935 698 2998 concilium
722 2935 863 3019 generale
885 2934 1037 2999 futurum.
1061 2934 1124 3000 Cfr.
1142 2938 1252 3004 Const.

285 3031 483 3112 Apostolicue
506 3030 606 3095 Sedis.

331 3129 428 3192 1367.
444 3164 494 3175 --
519 3128 574 3191 lV.
598 3129 758 3212 Appellari
773 3148 834 3194 non
851 3131 955 3212 potest
970 3151 995 3212 a
1005 3134 1161 3199 sententia
1177 3131 1255 3200 Ocn-

284 3227 348 3292 cilii
371 3227 524 3312 generalis
547 3228 687 3310 legitime
710 3230 888 3313 congregati
912 3231 944 3294 et
966 3231 1061 3312 capiti
1089 3251 1144 3296 666
1160 3234 1256 3298 uniti.

332 3325 428 3388 1368.
452 3361 497 3372 -
520 3323 558 3388 V.
583 3325 781 3410 Regulariter
811 3326 998 3409 appellatur,
1030 3329 1190 3413 gradatim
1214 3331 1256 3396 ad

285 3423 473 3506 superiorem
496 3423 724 3488 immediatum.

331 3521 427 3584 1369.
452 3557 496 3566 -
518 3521 573 3584 VI.
598 3521 645 3584 Ad
669 3521 832 3586 Summum
857 3522 1049 3600 Pontificem,
1068 3525 1192 3591 omissis
1208 3527 1255 3591 iu·

283 3616 402 3680 ilicibus
426 3617 626 3693 intermediis,
651 3637 770 3702 semper
800 3619 950 3702 appellari
980 3623 1096 3704 potest.
1128 3623 1256 3688 Etenim

229 3795 230 3800 ἵ
275 3715 333 3778 ius
357 3713 601 3796 appellationum
624 3716 730 3781 haeret
754 3717 784 3781 in
808 3736 952 3800 suprema
976 3720 1141 3802 potestate.
