2758 4270
424 255 489 301 CAP.
515 256 554 302 lv.
580 257 619 302 DE
644 256 792 303 Pnnocffls
1037 255 1089 308 ‘267

113 456 246 516 tantum
268 454 337 516 iure
354 453 527 532 pontificio,
551 455 607 518 sed
628 455 722 517 etiarn
745 453 862 528 diotae,
882 457 978 532 prout
994 475 1088 534 proe-

109 551 311 614 starrtrssimi
333 550 465 631 theotoci
490 555 520 614 ct
541 553 722 616 canonistae
745 553 927 633 yrooissimi
950 558 1087 629 tuentur,

110 649 161 712 ait
178 648 295 712 Bened.
313 648 398 712 XIV.
412 649 448 712 In
462 649 641 714 Tridentino
665 651 757 724 enim,
775 651 834 714 etsi
858 669 918 714 non
940 669 1088 732 expresse,

111 745 284 810 definitum
307 747 367 809 fuit
380 747 540 828 tamquam
558 749 675 812 certum
693 749 887 830 suppositum
904 747 952 811 his
969 748 1088 812 verbis:

116 841 203 906 Cum
223 850 388 922 praecepto
411 845 516 908 divino
540 845 723 908 mactatum
746 846 789 908 sit
807 845 958 920 omuibus,
976 845 1090 925 quibus

108 943 300 1004 sicimorum
323 963 400 1006 coro
423 943 586 1006 commisso
609 948 664 1018 est,
689 963 759 1008 ooes
786 963 862 1006 suos
888 963 1087 1024 conoscere...

112 1037 196 1113 (cfr.
226 1038 374 1120 Scavini).

158 1137 178 1198 7
183 1138 241 1200 90.
268 1173 307 1182 -
332 1136 387 1198 IV.
413 1137 589 1214 Poroodus,
603 1138 659 1218 qui
672 1138 740 1201 siae
758 1138 898 1218 legittimo
914 1158 1010 1200 causo
1027 1157 1090 1200 corr

109 1235 244 1311 residet,
266 1239 373 1313 peccat
394 1235 570 1299 mortaliter
592 1239 622 1298 et
635 1237 754 1298 omittit
769 1237 836 1314 ipso
853 1235 944 1314 facto,
957 1234 1024 1298 otia
1040 1235 1091 1298 dc·

109 1333 294 1396 odoratione
318 1354 379 1396 rcere
403 1338 517 1410 secata,
542 1338 573 1398 et
595 1355 785 1414 comumque
801 1335 1018 1413 compositione
1041 1355 1090 1396 re-

111 1435 200 1493 mota
228 1431 278 1511 (ut
301 1432 347 1494 ait
370 1431 400 1495 S.
425 1430 515 1496 Cone.
541 1431 662 1515 Oongt,
687 1430 809 1510 fructus
833 1452 938 1494 omues
954 1433 1009 1510 qai
1025 1432 1091 1494 eius

109 1529 281 1592 absentiae
296 1530 552 1608 correspondeat
568 1531 621 1611 qui
638 1530 762 1610 quidem
776 1549 811 1592 en
825 1529 1006 1592 Tridentino
1024 1547 1091 1593 ero-

109 1628 182 1705 gari
210 1625 323 1688 debent
348 1626 396 1690 vel
419 1625 554 1692 fabricae
583 1627 736 1691 Ecclesiae
768 1628 919 1709 propriae,
950 1619 998 1689 uel
1030 1625 1091 1690 loci

108 1723 315 1807 pauperibus.
340 1724 408 1788 Hoc
432 1725 537 1788 autern
556 1725 657 1788 verius
674 1725 758 1788 valet
774 1725 868 1788 etiam
889 1725 925 1788 de
941 1724 1090 1795 Parooho‚

111 1822 167 1903 qui
192 1819 320 1894 residet,
346 1821 398 1883 sed
423 1821 548 1886 onrnino
573 1823 689 1886 otiose:
722 1840 795 1884 nam
824 1823 852 1886 ei
880 1823 999 1886 fructus
1030 1840 1091 1886 non

7 1983 8 2012 3
109 1919 243 1990 dantur,
269 1919 328 1981 nisi
352 1919 409 1982 sub
432 1919 608 1984 conditione
631 1920 816 1984 residentiae
840 1921 927 1984 utilis
944 1939 1017 1984 suae
1035 1919 1087 1982 Iic-

110 2017 240 2080 clesiae.
266 2015 306 2078 Et
331 2016 515 2081 Benedictus
539 2017 624 2093 XIV,
651 2015 758 2082 Const.
779 2017 894 2093 Gracc,
918 2017 1088 2081 declararit

110 2134 174 2180 non
201 2131 269 2177 esse
294 2133 398 2178 veram
421 2116 630 2191 residentiam,
655 2117 715 2180 nisi
738 2135 774 2180 ea
798 2117 841 2180 sit
866 2115 1011 2194 formatis
1032 2136 1088 2178 sea

110 2213 216 2276 ret'lis.

158 2311 239 2374 791.
270 2349 305 2356 —
324 2311 362 2373 V.
388 2310 490 2376 Sentit
505 2311 669 2376 Hurtadus
686 2331 746 2376 non
763 2331 828 2376 esse
848 2313 955 2376 tutum
971 2312 1002 2374 in
1018 2331 1087 2375 con-

108 2410 246 2477 scientia
270 2409 456 2486 Parochum,
480 2410 534 2492 qui
557 2409 671 2494 degens
695 2411 726 2474 in
757 2411 898 2493 paroecia
928 2429 981 2491 per
1009 2409 1087 2474 duos

109 2527 236 2572 menses
261 2508 460 2572 Sacramenta
484 2527 537 2590 per
560 2509 662 2589 ipsum
679 2527 740 2572 non
756 2508 959 2584 ministraret,
977 2508 1034 2572 nisi
1055 2508 1087 2571 in

110 2625 147 2670 ca
170 2607 364 2670 constitutus
388 2607 468 2670 esset
492 2607 573 2670 alius
594 2606 727 2670 vicarius
750 2608 926 2688 perpetuus,
938 2625 991 2670 seu
1000 2606 1088 2671 coad-

110 2705 198 2769 iutor
222 2723 294 2766 cum
318 2723 392 2766 cura
416 2705 602 2768 animarum.

159 2803 179 2866 7
184 2805 240 2866 92.
258 2839 301 2846 -
318 2801 373 2864 VI.
391 2801 561 2886 Gregorius
577 2802 665 2878 XIII,
682 2801 818 2866 decrevit
834 2803 868 2884 (6
885 2803 948 2866 dec.
969 2801 1085 2881 1576):

3 2895 5 2956 3
115 2925 133 2960 r<
148 2899 310 2963 Parochos
335 2917 478 2962 rannone
502 2917 604 2963 rusus
628 2901 751 2964 omnino
776 2902 875 2964 teneri
901 2899 1033 2963 residere
1057 2901 1088 2963 in

3 3059 4 3070 ,
112 2999 179 3062 suis
204 2997 361 3072 Ecclesia
387 2999 419 3061 et
442 2998 469 3061 si
493 3016 554 3061 non
578 2997 756 3072 resederim,
780 3000 887 3062 contra
913 3015 964 3061 eos
987 3016 1089 3078 proce

111 3095 262 3168 dandum,
287 3095 412 3158 servata
443 3097 541 3160 forma
565 3094 785 3159 Tridentini».
815 3096 872 3159 Die
904 3096 1009 3160 autem
1036 3095 1087 3172 18,

111 3191 196 3256 idem
222 3189 391 3274 Gregorius
414 3192 603 3257 declaravit:
633 3193 826 3256 «decretum
851 3193 971 3256 factum·
985 3193 1016 3255 in
1032 3193 1089 3257 Pa-

111 3289 219 3353 roehis
243 3288 344 3352 multo
370 3289 471 3372 magis
494 3289 656 3372 procedere
680 3290 711 3353 in
727 3289 896 3372 Episcopis,
916 3290 969 3370 qui
988 3290 1089 3372 magis

112 3385 249 3470 obligati
273 3387 356 3462 sunt,
375 3387 480 3450 tamen
496 3405 586 3468 posse
599 3387 766 3469 Episcopos
782 3389 813 3451 in
829 3388 903 3451 locis
920 3386 1088 3452 tutioribus

3 3555 4 3566 ,
112 3482 311 3564 (Dioecesis)
335 3502 471 3560 manere,
496 3484 528 3546 et
552 3483 622 3548 inde
646 3484 807 3566 providere
823 3509 854 3546 a.

3 3615 4 3658 ;
160 3580 238 3643 793.
263 3615 306 3624 -
334 3581 421 3646 idota.
447 3618 490 3626 -
514 3581 540 3644 1.
564 3581 722 3646 Parochus
746 3583 899 3662 coyeadcs
929 3585 978 3647 est
1000 3583 1089 3676 *habi-

3 3699 5 3744 ὲ
112 3679 184 3742 tare
208 3678 240 3741 in
264 3676 357 3742 domo
382 3678 535 3742 Ecclesiae
558 3677 605 3760 (S.
629 3679 667 3743 R.
692 3681 738 3756 0.,
760 3681 805 3743 ’13
829 3680 894 3744 Ian.
922 3681 1032 3765 1720).
