2818 4276
309 244 358 300 l3⁴l
437 247 611 295 TRACI'ATUS
635 249 674 294 DE
699 250 888 297 HIERARCEIA
913 250 1144 300 lURISDICTIONIS

305 447 387 526 ouod
403 447 550 510 solemnis
565 448 760 512 conculcatio
774 451 819 510 cst
833 469 898 510 aaa
914 448 951 512 dc
966 447 1139 511 maior-ibas
1155 450 1276 520 caucia,

305 565 383 628 quae
399 546 479 610 inter
494 545 680 610 christianos
695 547 822 628 proponi
838 547 949 628 potest,
966 547 998 609 ct
1013 565 1067 626 per
1081 564 1279 626 consequens

304 643 369 707 eius
393 643 528 726 cognitio
544 642 584 705 ad
600 642 780 706 Pontificem
796 644 916 724 spectat
932 661 967 706 ex
983 643 1103 706 iuribus
1127 642 1278 706 adductis

304 742 335 804 in
352 761 419 822 cap.
436 740 577 803 Maiores
592 741 624 804 in
640 741 803 823 baptismo.
825 740 941 805 Deinde
957 736 1030 821 q'uia
1047 739 1271 804 miraculorum

305 838 487 921 approbatio
503 838 584 901 inter
599 837 669 902 fidei
695 839 889 919 quaestiones
913 839 1096 912 recensetur,
1110 837 1163 900 sed
1180 856 1278 918 quac-

306 937 366 1000 stio
390 935 461 998 fidei
484 935 523 998 ad
547 934 725 999 Pontificem
760 935 916 1000 referenda
939 938 997 1009 est,
1023 935 1120 1018 igitur
1144 935 1271 998 tantum

305 1054 358 1117 per
380 1033 559 1098 Pontificem
576 1035 773 1098 canonizatus
789 1035 908 1116 publice
936 1034 1074 1098 venerari
1098 1035 1209 1115 potest.
1228 1071 1270 1080 -

305 1133 346 1195 ll.
359 1131 503 1196 Urbanus
516 1130 592 1194 VIII
607 1132 790 1196 facultatem
808 1131 1002 1196 beatificandi
1020 1131 1179 1194 Romanae
1197 1129 1274 1196 Sedi

306 1232 428 1296 omnino
452 1229 621 1294 reservavit
647 1228 721 1310 (Cir.
746 1229 863 1313 Soglia,
888 1229 1026 1306 Devoti).

310 1371 311 1376 κ
351 1329 426 1392 407.
458 1365 502 1374 -
534 1330 583 1394 Ius
618 1329 857 1409 Episcopaluum
892 1327 1194 1392 constituendorum.
1227 1365 1274 1374 —-

306 1428 330 1490 I.
354 1427 435 1491 Novi
460 1426 661 1508 Episcopatus
691 1427 854 1509 eriguntur
883 1445 936 1508 per
959 1425 1124 1488 cathedrae
1147 1425 1277 1507 Episco—

306 1525 384 1607 palis
408 1525 645 1598 instiiutiouem,
663 1526 695 1588 et
710 1543 762 1606 per
779 1524 938 1600 territorii,
962 1543 1016 1586 seu
1040 1523 1196 1588 Dioeccsis
1212 1525 1271 1588 cir·

306 1621 585 1703 cumscriptionem.
604 1620 746 1704 (Soglia).
767 1659 810 1666 -
827 1621 868 1684 ΙΙ.
889 1645 906 1678 «
923 1621 1086 1685 Plenitudo
1103 1621 1277 1702 potestatis

306 1739 397 1801 super
420 1719 578 1783 universas
602 1719 683 1784 orbis
702 1719 854 1784 Ecclesiae
877 1719 1027 1802 singulari
1051 1720 1272 1802 praerogativa

303 1817 497 1900 Apostolioac
521 1816 591 1880 Sedi
624 1816 739 1882 donata
770 1819 850 1882 est...
875 1818 981 1882 Potest
1004 1818 1030 1882 si
1053 1817 1132 1881 utile
1155 1817 1277 1882 iudica—

304 1916 394 1986 verit,
418 1934 514 1979 novos
545 1915 685 1979 ordinare
715 1916 927 1997 Episcopatus,
951 1917 1004 1980 ubi
1034 1917 1185 1980 hactenus
1209 1935 1271 1980 non

304 2014 438 2078 fuerunt.
463 2012 572 2076 Potest
595 2031 656 2088 cos,
692 2014 745 2095 qui
777 2015 859 2090 sunt,
883 2013 962 2078 alios
983 2013 1164 2094 deprimere,
1190 2015 1276 2078 alios

255 2181 257 2185 ,
304 2111 479 2186 subilmare,
505 2113 598 2192 prout
620 2112 703 2174 ratio
725 2111 784 2176 sibi
807 2112 983 2186 dictaverit,
1007 2113 1052 2174 ita
1076 2114 1112 2175 ut
1136 2112 1173 2176 de
1195 2113 1276 2194 Epi-

305 2210 402 2291 scopis
425 2227 527 2272 creare
550 2209 802 2290 Archiepiscopos
834 2209 936 2284 liceat,
967 2212 998 2274 et
1022 2229 1217 2286 econverso,
1242 2213 1271 2274 si

304 2326 423 2372 necesse
448 2309 548 2386 vIsum
560 2307 655 2372 fuerit
670 2331 687 2364 »
727 2305 770 2388 (S.
788 2305 962 2393 Bernard.).
981 2345 1021 2353 -
1040 2307 1096 2372 lll.
1117 2308 1195 2371 «Ex
1212 2309 1276 2372 hac

304 2406 459 2488 potestate
483 2406 513 2468 ia
537 2405 697 2470 Dioeceses
716 2405 852 2468 omnium
878 2405 1110 2487 Episcoporum,
1135 2407 1271 2487 quaein

227 2519 228 2523 ’
305 2503 380 2567 solis
403 2502 488 2566 Petri
511 2502 736 2566 successoribus
760 2521 795 2564 ex
829 2501 925 2566 divini
959 2501 1036 2566 iuris
1059 2503 1198 2584 primatu
1222 2506 1271 2568 est

305 2599 470 2674 ordinaria,
495 2598 641 2662 Romane
665 2599 760 2663 Sedes
777 2602 889 2677 potest,
913 2599 944 2662 si
965 2598 1117 2678 expediat,
1141 2599 1275 2679 Episco—

298 2700 396 2777 patus
419 2695 542 2776 ulr'qeros
564 2697 766 2776 sapprc'mcre,
798 2715 892 2759 accos
915 2699 1043 2776 erepere,
1067 2717 1165 2758 anam
1188 2696 1274 2760 dioe-

304 2795 376 2858 dere
398 2795 432 2856 ia
456 2795 533 2858 duos
550 2819 566 2852 »
596 2793 675 2878 (Pet.
700 2793 859 2870 Ballerini,
883 2795 919 2858 de
943 2793 1055 2858 Potest
1078 2793 1189 2876 Eccl.).

349 2891 425 2954 408.
444 2928 482 2937 -
503 2893 552 2957 lus
571 2892 699 2957 creandi
720 2892 904 2973 [piscopos
921 2891 1004 2954 -1.
1033 2915 1051 2948 «
1067 2890 1258 2956 Certumt
1210 2896 1273 2968 est,

305 2989 394 3052 Rom
417 2989 599 3053 Pontificem
623 3007 777 3052 summam
802 2989 913 3054 habere
937 2991 1059 3070 potesta
1041 2991 1135 3064 a,tem
1159 2991 1197 3052 ut
1216 3010 1276 3072 per

181 3127 183 3132 ι
305 3089 408 3152 totum
424 3087 528 3150 christ
521 3105 626 3150 lanum
644 3087 748 3152 orbem
764 3087 932 3249 Epliscopos
947 3105 1047 3152 consi
1022 3088 1152 3152 amau
1135 3089 1272 3171 »IHal

304 3185 369 3248 lior.
394 3184 431 3247 dc
460 3185 561 3248 sacris
588 3185 764 3266 el..-cct)
787 3185 993 3251 ILUadc«
1009 3186 1039 3250 Si
1064 3186 1133 3268 quis
1157 3187 1273 3252 dixerit

305 3284 469 3365 Episcopcs
493 3283 545 3364 qui
568 3285 722 3348 auctorita
725 3286 755 3348 te
771 3285 862 3349 Eom
878 3284 1038 3348 Pontificis
1054 3286 1274 3362 assumuntur,

305 3399 365 3445 non
389 3400 454 3445 esse
476 3382 634 3464 legitImos
649 3385 681 3446 et
697 3401 785 3447 veros
808 3383 983 3464 Episcopos,
1007 3381 1061 3446 sed
1083 3381 1274 3466 figmentum

304 3477 485 3556 humanum,
510 3479 676 3543 anathema
700 3481 742 3544 sit
757 3505 774 3538 o
802 3479 900 3562 (Trid.
917 3499 990 3544 sess.
1008 3481 1061 3556 23,
1078 3499 1145 3544 can·
1163 3481 1208 3562 8).
1226 3519 1269 3530 -

304 3576 361 3640 lll.
376 3577 465 3640 Haec
477 3581 614 3656 potestas
625 3578 758 3656 propria
770 3583 816 3644 est
830 3578 924 3640 unias
938 3577 1077 3642 Romani
1089 3576 1273 3657 Pontinas.

305 3673 409 3738 Unde:
427 3672 576 3752 Quamvis
592 3674 800 3751 Patriarchae,
813 3674 977 3750 Primatcs,
994 3675 1026 3738 et
1038 3674 1275 3756 Metropolitae,
