2758 4270
266 249 331 295 CAP.
355 250 384 292 ll.
411 247 449 294 DE
474 247 628 294 monscflls
652 249 690 294 ET
713 247 928 294 REGULARIBUS
1029 241 1083 297 319

112 445 160 508 vis
184 443 384 526 professionis
406 445 530 509 vinculo
554 445 617 508 iam
640 444 741 510 forent
764 445 871 522 soluti,
889 445 1082 527 obelapsnm

110 545 239 624 tompus
263 561 323 624 quo
347 544 421 606 vote
444 543 483 607 ab
506 543 581 625 ipsis
605 544 731 608 fuerunt
754 544 941 624 nuncupata.

158 638 236 705 928.
251 677 294 688 -
310 641 391 704 «Vl.
402 641 544 719 Professi,
554 645 622 706 tum
639 645 785 708 votorum
801 641 996 718 solemnium,
1013 641 1082 705 tum

111 737 305 820 simplicium
328 739 367 802 ab
390 738 560 804 Ordinariis
583 741 719 806 loeomm
750 741 789 804 ad
820 758 923 804 saeros
954 739 1083 803 Ordines

111 853 175 901 non
201 836 420 913 admittantur,
445 837 515 913 nisi,
539 839 661 920 praeter
684 839 747 903 alia
771 839 872 903 aiure
888 837 1020 913 statuta,
1037 839 1083 901 te-

111 934 307 998 stimoniales
330 933 453 998 litteras
469 935 641 1012 exhibeant,
658 937 741 1018 quod
765 938 876 1002 saltem
897 953 1082 1018 perannum

112 1051 222 1096 sacrae
239 1033 414 1115 theologiae
433 1051 557 1116 operam
574 1035 723 1110 dederint,
737 1037 763 1100 si
776 1036 891 1120 agatur
910 1035 946 1099 de
962 1033 1084 1098 subdia·

111 1133 242 1206 conatu,
255 1130 294 1194 ad
307 1131 410 1194 minus
421 1151 475 1213 per
487 1132 654 1210 biennium,
664 1134 690 1198 si
703 1133 739 1197 de
752 1133 928 1210 diaconatu,
938 1135 970 1198 et
981 1132 1083 1215 quoad

112 1229 376 1312 presbyteratum,
394 1230 504 1294 saltem
527 1251 581 1313 per
603 1233 781 1307 triennium,
794 1233 962 1315 praemisso
978 1234 1083 1296 tamen

111 1327 253 1410 regulari
277 1326 411 1390 aliorum
426 1328 600 1393 studiorum
614 1331 775 1395 curriculo.
787 1331 872 1394 Haeo
889 1329 925 1394 de
942 1347 1082 1412 expresso

113 1423 302 1488 Sanctitatis
326 1422 405 1488 Suae
428 1425 576 1492 mandato
600 1427 740 1510 praefata
763 1426 857 1492 Sacra
877 1426 1084 1511 Congregatio

111 1522 280 1586 constituit
289 1525 382 1604 atque
395 1523 542 1602 decernit,
550 1525 714 1590 contrariis
723 1527 976 1608 quibuscumque,
986 1525 1082 1590 etiam

113 1621 244 1704 speciali
268 1623 300 1684 et
323 1621 483 1686 individua
507 1625 663 1688 mentione
686 1623 799 1708 dignis,
813 1625 940 1688 minime
963 1623 1084 1687 obstan-

113 1720 213 1782 tibus.
238 1755 282 1764 -
306 1718 423 1804 Datum
447 1721 574 1796 Romae,
591 1741 627 1785 ex
644 1722 738 1786 Sacra
750 1721 995 1806 Congregatione
1011 1721 1084 1804 Epi-

113 1834 280 1899 scoporum
305 1817 337 1880 et
360 1817 574 1900 Regularium,
599 1820 647 1884 die
671 1821 691 1882 4
715 1819 795 1884 Nov.
815 1821 900 1884 1892
917 1844 948 1882 ›.

162 1915 240 1978 929.
254 1949 297 1958 —
312 1915 410 1980 [lubia
432 1917 520 1982 circa
537 1919 735 1998 praecedens
753 1919 913 1984 decretum
939 1943 955 1976 «
975 1918 1082 1983 duclla

115 2013 285 2080 admodum
302 2037 334 2078 ».
360 2049 402 2058 —
430 2039 447 2080 ‹.
472 2017 505 2077 1⁰
527 2016 642 2080 Utrum
667 2018 742 2080 haec
766 2017 858 2080 verba
883 2015 998 2080 decreti
1013 2015 1080 2084 Aoo

115 2113 176 2175 ctio
200 2111 377 2187 admodum,
391 2111 604 2194 «Episcopum
628 2113 811 2178 benevolum
832 2114 1018 2194 receptorem
1040 2112 1084 2176 in-

116 2210 258 2274 venerint
270 2207 348 2271 etde
358 2210 543 2290 patrimonio
559 2211 766 2275 ecclesiastico
783 2211 841 2274 sibi
851 2211 1081 2292 providerint»,

115 2310 163 2372 ita
186 2308 347 2372 collective
371 2308 434 2371 sint
457 2309 668 2392 intelligenda,
693 2311 730 2372 ut
757 2309 797 2372 ad
829 2308 999 2372 tollendam
1031 2326 1083 2372 sn·

115 2405 312 2488 spensionem
335 2405 427 2468 ambo
443 2405 506 2469 sint
522 2408 702 2482 necessaria,
716 2425 833 2488 nempe,
850 2408 882 2469 et
897 2406 1083 2488 Episcopum

114 2504 302 2568 benevolum
327 2507 513 2584 receptorem
537 2505 682 2580 invenire,
707 2506 738 2568 et
754 2505 975 2586 patrimonium
993 2504 1084 2567 eecle-

114 2603 280 2667 siasticam
304 2601 499 2676 constituere,
525 2603 574 2666 vel
597 2603 733 2666 sufficiat
757 2604 882 2666 tantum
899 2603 1084 2685 Episcopum

115 2699 302 2766 benevolum
333 2701 521 2781 receptorem
554 2701 712 2764 invenire?
735 2738 780 2746 —
805 2703 838 2763 2ο
862 2699 976 2764 Utrum
1008 2701 1084 2764 haee

116 2800 223 2873 verba,
249 2815 327 2878 quae
351 2797 381 2860 in
404 2816 434 2859 n.
460 2797 487 2858 V
511 2798 659 2882 leguntur
685 2824 703 2857 ‹<
726 2817 813 2862 secus
845 2799 984 2880 suspensi
1014 2818 1083 2863 ma-

117 2898 213 2962 neant
236 2895 276 2958 ab
299 2895 442 2959 exercitio
467 2897 676 2979 susceptorum
701 2897 923 2974 Ordinun1,ita
947 2899 1010 2961 sint
1033 2917 1085 2962 su·

117 2994 242 3070 menda,
267 2994 304 3056 ut
326 2993 500 3076 religiosus,
525 2996 577 3075 qni
601 2996 726 3059 obtenta
758 2996 928 3077 apostolica
958 2995 1084 3060 licentia

118 3095 257 3159 claustro
281 3091 398 3166 exierit,
424 3093 497 3172 quin
525 3093 609 3174 prius
637 3093 821 3175 Episcopum
838 3093 1022 3157 benevolum
1037 3113 1084 3158 re-

118 3193 276 3276 ceptorem
301 3188 452 3252 invenerit
476 3191 525 3254 vel
549 3190 586 3254 de
602 3189 790 3273 patrimonio
807 3191 1013 3256 ecclesiastico
1027 3191 1087 3255 sibi

119 3287 302 3374 providerit,
326 3287 368 3349 sit
391 3305 556 3369 suspensus
579 3290 704 3352 tantum
728 3289 823 3353 donee
835 3288 1020 3370 Episcopum
1037 3291 1099 3374 be·-

119 3387 268 3454 nevolnm
292 3388 480 3467 receptorem
502 3385 640 3450 inveniat
663 3389 695 3450 et
710 3385 931 3468 patrimonium
947 3387 1087 3452 ecclesia-

119 3489 236 3553 sticum
261 3483 320 3548 sibi
342 3484 525 3562 constituat,
539 3485 587 3548 vel
603 3485 646 3548 sit
661 3503 826 3566 suspensus
843 3483 935 3548 donec
951 3485 989 3549 ab
1006 3483 1087 3567 Apo-

119 3585 233 3652 stolioa
258 3580 334 3647 Sede
357 3583 515 3664 suspensio
539 3583 681 3657 tollatur,
706 3583 831 3646 invento
867 3583 1014 3664 Episcopo
1038 3585 1087 3649 be-

119 3682 231 3747 nevolo
262 3683 418 3761 receptore
449 3683 481 3743 et
512 3679 697 3762 patrimonio
729 3679 935 3744 eeclesiastico
974 3682 1087 3746 eonsti-
