2812 4268
348 265 413 313 GAP.
437 267 458 312 1.
482 267 521 314 DE
545 267 716 314 eoruscare
740 267 897 315 lucrosum
1057 265 1112 320 425

195 481 291 544 1356.
317 517 353 530 -
382 481 423 544 ll.
448 482 685 564 snppllesluru
720 483 838 564 petitur
867 485 903 560 nt
933 484 1024 548 index
1048 503 1112 548 sen·

147 579 279 644 tentiam
302 597 338 643 en
360 598 446 644 mera
469 580 661 664 benignitate
684 581 832 646 revideat.

195 675 291 740 1357.
317 713 356 722 -
381 677 439 740 ΙΙΙ.
466 679 633 744 liecnsatio
659 679 773 744 iudicis
797 677 885 742 velut
908 680 1044 761 exceptio
1069 678 1112 742 di-

145 773 269 850 latoria,
293 773 424 856 impedit
446 794 483 838 ne
509 775 600 856 luder
615 795 792 858 processum
807 777 1020 858 prosequatur,
1038 775 1111 839 dum

145 873 314 956 appellatio
336 872 373 936 lit
396 873 435 936 ad
458 873 592 937 iudicem
615 875 803 957 superiorem
819 875 856 938 ut
879 875 1033 938 sententia
1050 892 1113 938 cor·

148 970 281 1055 rigatur.

195 1069 290 1133 1358.
314 1105 358 1116 -
383 1068 438 1133 nv.
465 1031 638 1152 repensus
672 1069 920 1136 exsaturatus
952 1071 1000 1132 esc
1024 1069 1113 1132 aolus

147 1185 201 1248 per
224 1185 314 1247 quem
338 1167 491 1242 subditus,
507 1167 610 1232 laesus
625 1167 910 1240 extralndicialiter,
927 1165 1058 1230 recurrit
1073 1166 1113 1230 all

146 1263 352 1346 Superiorem.
377 1264 516 1329 Vocatur
539 1266 634 1328 etiam
658 1265 818 1329 Recursus
837 1261 857 1326 ¹.
882 1265 1038 1330 Recursus
1054 1283 1112 1328 non

146 1363 295 1444 supponit
318 1363 478 1444 praevium
506 1362 664 1426 iudicium.
772 1444 777 1452 .

195 1459 291 1524 1359.
316 1494 359 1508 -
382 1459 420 1522 V.
447 1461 620 1541 Appellatio
639 1461 797 1527 iudicialis
814 1461 861 1524 est
877 1479 896 1523 a
913 1459 1012 1524 indice
1036 1459 1112 1524 inl-

147 1557 222 1621 riori
245 1557 285 1620 ad
308 1557 494 1639 superiorem
520 1557 601 1621 iacta
617 1559 807 1640 provocatio,
824 1560 861 1621 ut
876 1558 943 1622 lata
959 1557 1112 1622 sententia

146 1656 319 1720 revocetur.

196 1753 291 1817 1360.
316 1791 359 1800 -
382 1754 436 1817 Vl.
464 1754 553 1820 Sicut
574 1752 676 1833 fertur
698 1755 854 1818 scalentin
877 1754 1113 1818 interlocutoria

148 1851 196 1916 acl
218 1851 391 1932 definitiva,
416 1853 462 1917 ilo
484 1853 692 1933 distinguitur
718 1852 886 1932 appelbrtio
901 1852 942 1916 ab
957 1852 1113 1916 alterutra

194 2091 381 2148 ¹N0rrnnuu
408 2111 489 2148 crncr
519 2113 675 2148 accurrens
692 2113 888 2147 ..terentianus
918 2113 1022 2147 cornel
1048 2112 1110 2146 oen·

149 2202 298 2238 nrnnrrnu:
311 2185 496 2252 Appelloolcs
518 2203 536 2238 c
554 2185 696 2238 mandalis
715 2181 781 2252 Sap.
796 2183 980 2252 Repalorium
989 2185 1111 2251 primum

150 2271 163 2295 ⁸
175 2281 306 2340 pareant,
326 2275 427 2328 dacae
439 2279 594 2339 recurrant,
612 2313 622 2337 „
638 2281 669 2328 at
693 2282 800 2328 constat
812 2291 846 2328 cn
858 2275 985 2341 sequenti
998 2273 1111 2328 decreto.

151 2389 183 2398 -
204 2361 295 2431 Super
313 2365 550 2430 appellationibus
566 2363 747 2430 regularium.
762 2390 796 2399 -
810 2361 851 2415 Ex
865 2361 1011 2416 audientia
1024 2362 1112 2416 sami

148 2450 196 2504 die
209 2452 225 2504 6
236 2451 300 2504 lulii
314 2453 391 2504 1754.
408 2451 551 2506 Sanctitas
566 2451 630 2517 Sua,
645 2451 845 2518 plaudentibus
860 2451 989 2505 omnibus
1002 2451 1112 2519 religio·

150 2558 218 2595 num
238 2541 442 2610 Superioribus,
463 2542 610 2596 nrandarit
629 2541 704 2610 quod
717 2541 746 2594 in
760 2543 917 2596 recursibus
931 2541 1113 2610 Regularinm

150 2631 285 2686 adversus
304 2631 482 2686 obedientiae
502 2648 615 2684 sucrum
644 2630 824 2698 Superiorem
845 2648 955 2698 semper
980 2631 1113 2684 rescriba-

151 2726 211 2774 tur:
241 2720 363 2774 Pareant
391 2725 419 2774 et
438 2721 539 2776 deinde
559 2723 714 2784 recurrant,
735 2721 771 2774 ad
790 2719 911 2775 formam
931 2737 991 2788 cap.
1013 2719 1113 2787 chrc

148 2812 303 2871 tensibilia.
323 2811 357 2864 de
377 2809 635 2878 appellationibus:
652 2809 662 2832 “
680 2809 833 2878 Praecipue
853 2827 919 2863 vero
939 2809 991 2862 hoc
1011 2809 1041 2860 in
1053 2808 1115 2861 reli·

151 2899 238 2969 glosis
258 2900 385 2954 volumus
406 2900 557 2964 observari,
578 2917 613 2953 ne
641 2899 767 2966 religiosi
796 2917 858 2953 curn
880 2917 929 2966 pro
949 2898 1044 2966 aliquo
1064 2915 1115 2952 ex·
1184 2919 1185 2922 ¹

150 3006 232 3044 cessa
251 2990 358 3044 fuerint
377 2990 544 3058 corrigendi,
574 2994 674 3043 contra
700 2990 859 3058 regularem
883 2989 1003 3058 praelati
1017 2988 1066 3040 sni
1085 2992 1116 3048 ‚et

151 3169 253 3224 devote
273 3169 437 3237 suscipiant,
454 3171 527 3237 quod
548 3187 597 3236 pro
623 3169 714 3222 salute
734 3187 784 3222 sua
798 3169 885 3222 fuerit
907 3169 1012 3221 eisdern
1026 3168 1115 3220 iniun·

150 3263 236 3311 ctum.
248 3300 262 3325 „
278 3285 309 3294 ·—
321 3259 356 3312 Et
371 3259 407 3311 ad
416 3259 535 3312 lormarn
547 3275 607 3325 cap.
621 3258 663 3310 Ad
676 3263 812 3317 nostram.
824 3259 857 3311 de
869 3257 1116 3326 appellationibus,

153 3347 237 3401 ibi:‘
259 3348 428 3402 Mandarnus
451 3352 591 3416 qnatenus
615 3348 638 3400 si
663 3349 776 3415 quando
799 3347 918 3416 quilibet
941 3347 1117 3401 subditorum

152 3441 262 3493 tuorum
284 3439 320 3492 ad
342 3439 498 3492 remedium
529 3437 730 3505 appellationis
759 3437 960 3503 convolaverit,
979 3455 1035 3490 non
1055 3436 1117 3490 ideo

154 3529 245 3584 minus
266 3547 337 3594 eum,
352 3529 432 3582 iuxta
445 3533 574 3584 tenorem
587 3527 716 3582 mandati
728 3527 802 3595 qnod
817 3527 846 3582 in
861 3527 1008 3596 praedicta
1020 3526 1119 3594 regula

151 3621 315 3675 continetur
334 3623 362 3674 et
380 3611 589 3675 institutionem
618 3618 732 3685 ordinis,
765 3619 889 3687 corrigas
912 3622 942 3672 et
960 3617 1083 3686 castiges
1106 3657 1116 3681 „

153 3708 200 3774 (12
215 3709 273 3763 Iun.
298 3711 387 3774 1754).
