2758 4270
250 277 314 322 CAP.
338 277 367 322 V.
393 275 433 322 DE
457 275 613 322 Monncffls
637 276 674 321 ET
698 275 914 322 REGULAEIBUS
1016 273 1069 328 309

142 469 623 536 911-1111111111111-
657 469 827 554 Regulares
858 469 914 533 snb
946 471 1068 552 propria

86 589 188 634 cruce
213 569 349 633 incedere
375 571 512 651 possunt.
547 567 679 633 Constat
701 587 737 632 er
771 569 914 650 plurimis
940 571 1070 634 decretis

87 668 123 732 S.
153 667 252 732 Sedis.
278 667 374 748 quue
397 667 577 732 solemnitor
600 667 792 730 declaratum
816 668 1069 732 fuitaPau10V

87 784 149 848 pro
174 765 348 828 Minoribus
373 748 632 846 Oapnccinr'sper
654 764 732 827 Litt.
756 763 864 846 Apost.
886 765 1054 828 Pastorol'

85 861 205 942 officit,
233 863 272 924 12
290 861 430 925 Octobris
448 862 544 936 1617,
562 862 614 926 ubi
631 861 806 925 decernitur
827 887 843 919 «
860 862 943 942 qaod
956 863 1069 942 abique

90 959 236 1024 locorum
259 961 294 1021 111
308 959 443 1039 publicis
459 959 718 1023 Processioac'has
745 958 921 1023 huiusmodi
940 957 1069 1023 Crucem

81 1057 292 1138 propriam...
317 1055 438 1134 cteferre
458 1058 582 1136 possint
595 1062 626 1119 ct
641 1056 766 1120 11111111
781 1082 798 1116 a
823 1057 928 1140 (Bait.
949 1054 1025 1138 Cap.
1042 1057 1066 1129 I,

83 1176 120 1235 p.
151 1155 221 1241 60).
247 1155 287 1218 Et
311 1154 455 1218 Urbanus
479 1154 556 1218 Vlll
580 1155 821 1219 declarationem
839 1157 870 1218 S.
888 1157 926 1219 R.
944 1158 990 1231 0.,
1008 1175 1068 1238 qua

90 1253 274 1318 decernitur
298 1252 487 1334 Capuccinos
518 1253 549 1316 in
581 1253 824 1334 processionibus
856 1255 912 1318 sub
946 1255 1069 1337 propria

88 1371 187 1415 cruce
212 1350 348 1414 incedere
371 1369 469 1432 posse,
493 1351 600 1414 contra
617 1350 697 1416 Cleri
713 1351 774 1415 loci
789 1351 827 1414 N.
846 1353 1067 1434 oppositionem

88 1449 297 1532 Apostolicae
321 1448 480 1512 firmitatis
504 1447 611 1512 robore
623 1447 817 1512 confirmarit
833 1469 885 1530 per
898 1449 974 1512 Litt.
990 1449 1067 1531 Apo·

88 1547 227 1612 stolicas
245 1546 373 1626 Eupoai
384 1545 496 1622 Nobis,
514 1546 556 1609 30
573 1545 654 1628 Aug.
675 1547 771 1609 1631.
789 1546 893 1627 (Ball.
912 1547 988 1628 Cap.
1009 1547 1066 1621 lll,

87 1667 124 1725 p.
155 1645 245 1727 109).

144 1745 221 1807 911.
256 1781 287 1788 α
326 1745 395 1808 lura
424 1741 634 1807 parochialia.
668 1777 712 1788 -
744 1741 911 1806 Decretum
942 1743 1066 1822 Aqoca.

89 1841 224 1905 Icariam
249 1839 497 1904 Perochiotiam.
522 1841 688 1923 —Aegre
712 1839 811 1904 ferens
828 1841 958 1905 Ioannes
975 1841 1067 1906 Eran-

87 1938 196 2002 ciscus
222 1937 376 2010 Stranius,
402 1937 565 2002 modernus
581 1937 776 2018 praepositus
792 1939 824 2001 et
839 1939 991 2020 parochus
1006 1939 1066 2003 loci

89 2035 225 2111 Incisae,
252 2035 402 2116 quosdam
426 2037 604 2117 praetensos
628 2035 743 2098 abusus
767 2037 861 2100 fuisse
885 2037 1022 2101 invectos
1048 2056 1066 2100 a

87 2133 157 2196 ΡΡ.
183 2131 359 2196 Carmelitis
382 2133 519 2196 eiusdem
543 2133 602 2196 loci
625 2133 656 2195 in
680 2133 904 2214 praeiudicium
940 2153 1067 2197 suorum

89 2231 212 2294 inrium
236 2229 471 2312 parochialium,
489 2231 528 2293 ad
544 2231 623 2294 hanc
639 2229 705 2294 Sao.
724 2231 1004 2316 Congregationem
1020 2250 1067 2294 re·

88 2347 221 2392 cursum
245 2328 373 2390 habuit:
399 2347 417 2390 a
442 2347 502 2408 qua
526 2328 563 2391 de
579 2347 663 2392 more
679 2327 829 2408 requisita
849 2317 1066 2393 informatione

90 2425 249 2508 Episcopi,
282 2424 424 2488 Vicarius
448 2423 607 2488 Generalis
641 2425 727 2490 illius
761 2426 849 2488 iuxta
883 2425 1066 2489 relationem

88 2523 236 2588 Parocho
259 2541 478 2604 usquequaque
502 2521 704 2586 favorabilem
729 2523 761 2586 in
785 2524 954 2586 summario
982 2522 1066 2586 crhi-

92 2623 239 2697 bendam,
250 2621 449 2696 ‘transrnisit3
467 2621 610 2702 quocirca
627 2621 822 2704 infrascripta
835 2622 929 2685 dubia
945 2640 1066 2686 concor·

91 2719 181 2793 data,
195 2718 337 2799 partibus
350 2717 421 2780 hinc
434 2715 502 2781 inde
514 2718 727 2792 scribentibus,
737 2719 917 2782 resolvenda
926 2719 986 2781 EE.
997 2717 1065 2780 VV.

94 2816 321 2898 proponuntur,
349 2834 408 2878 una
432 2834 502 2878 cum
527 2815 589 2878 alio
613 2815 718 2892 dubio,
743 2815 824 2897 qnod
847 2818 895 2880 est
918 2817 1065 2880 ultimum

94 2931 194 2994 nuper
217 2913 438 2976 concordatum
463 2913 630 2988 occasione,
655 2913 737 2994 quod
754 2933 849 2994 quum
865 2914 926 2976 ΡΡ.
944 2913 1066 2978 obedire

92 3010 337 3075 detrectaverint
350 3010 492 3092 Episcopi
507 3010 607 3074 edicto
625 3011 756 3092 prolato,
775 3011 824 3074 uti
843 3011 1064 3093 praetenditur,

95 3107 247 3190 pendente
271 3107 326 3170 lite
350 3109 381 3170 in
404 3108 462 3172 hac
479 3108 509 3171 S.
528 3109 786 3192 Congregatione,
804 3109 1013 3186 demandanti,
1030 3109 1066 3172 ut

9 3239 10 3242 ¹
92 3207 124 3270 in
148 3206 309 3270 funeribus
333 3205 511 3270 accederent
535 3205 575 3268 ad
600 3205 767 3270 Ecclesiam
792 3206 999 3288 parochialem
1026 3206 1065 3269 ad

91 3302 261 3368 levandam
285 3321 416 3378 crucem,
441 3323 545 3368 eorum
571 3306 634 3367 tres
650 3303 775 3366 fuerunt
791 3323 809 3368 1
825 3303 1066 3368 confessionibus

96 3401 258 3466 audiendis
282 3402 431 3482 suspensi,
456 3421 547 3482 super
570 3401 681 3482 quibus
704 3401 873 3466 informans
897 3403 1066 3484 Episcopus

93 3499 201 3562 eadem
227 3497 401 3570 confirmat,
426 3499 458 3561 et
480 3499 679 3579 conqueritur
709 3497 832 3562 eosdem
863 3500 925 3564 tres
955 3499 1065 3564 Patres

95 3613 259 3678 suspensos
283 3595 393 3658 statim
416 3596 487 3678 post
511 3596 761 3672 declarationem,
774 3616 844 3660 cum
861 3599 976 3678 spretn,
993 3597 1067 3660 licet

94 3695 191 3758 semel
216 3695 352 3771 tanturn,
380 3695 536 3760 audivisse
564 3693 778 3760 confessiones.
810 3694 1002 3779 Quapropter
1032 3715 1069 3760 ex
