2758 4270
254 273 319 320 cnP.
343 273 364 319 1.
389 273 428 319 DE
452 272 553 320 REBUS
576 271 738 320 neonuslnn
761 272 995 320 TEMPOEALIBUS
1055 269 1108 323 355

138 365 196 372 ...-

307 509 384 574 Anu.
408 509 449 574 Il.
474 507 524 574 lle
547 507 664 576 Rebus
688 509 941 576 lmmobllibns.

124 681 129 685 ’
187 673 284 738 1020.
309 709 351 720 -
376 673 639 739 Praenotundum.
665 709 707 718 -
731 673 756 735 Ι.
780 673 909 737 Praeter
934 671 1107 737 oblationes

136 773 171 833 et
194 770 340 847 decimas,
365 771 497 852 praediis
522 789 641 853 qnoque
665 771 796 851 aliisque
819 769 908 834 bonis
931 769 1106 846 stabilibus,

137 867 278 932 Ecclesia
303 868 391 950 pleno
416 869 482 932 iure
505 869 607 950 potita
630 869 688 932 est.

190 967 286 1029 1021.
305 1001 347 1012 —-
370 966 411 1028 ll.
428 964 595 1048 Quousque
612 966 789 1032 Christiana
805 965 927 1049 Religio
947 965 1107 1047 persecuta

138 1065 200 1136 est,
222 1063 374 1128 Ecclesiae
397 1064 478 1129 bona
501 1064 628 1128 fuerunt
652 1065 832 1146 plerumque
854 1082 903 1126 res
926 1063 1056 1128 mobiles
1072 1081 1107 1128 ex

139 1161 281 1225 fidelium
297 1162 474 1244 spontaneis
496 1161 715 1246 largitionibus
738 1162 944 1243 comparatae.
968 1160 1108 1226 Profecto

140 1277 191 1324 res
206 1259 382 1324 immobiles
399 1259 607 1341 perseeutione
623 1260 779 1323 saeviente
794 1258 951 1341 perpetuis
963 1258 1108 1341 direptio·

141 1359 233 1422 nibus
264 1359 447 1441 patuissent,
472 1377 545 1422 nam
573 1357 666 1422 celari
697 1377 756 1422 non
782 1357 928 1439 poterant
958 1359 1015 1420 aut
1045 1357 1107 1423 alio

139 1456 307 1538 asportari.
324 1464 326 1470 '
642 1497 644 1502 -

189 1555 285 1618 1022.
303 1553 418 1616 -111.
435 1554 585 1624 Attamen
601 1553 738 1617 Ecclesia
755 1553 851 1617 etiam
868 1572 922 1635 per
937 1553 1015 1617 illud
1031 1554 1108 1617 tem·

140 1652 227 1734 poris
250 1652 330 1716 bona
354 1651 480 1717 stabilia
502 1651 623 1727 habuit,
639 1654 677 1715 ut
700 1653 883 1716 constater
906 1651 1005 1716 edicto
1028 1649 1108 1716 Con·

139 1750 275 1814 stantini
290 1753 322 1814 et
336 1749 447 1814 Licinii
463 1769 513 1814 an.
524 1750 599 1824 313,
612 1750 665 1813 ubi
679 1751 761 1814 inter
772 1750 835 1814 alia
850 1750 926 1813 haec
938 1749 1106 1814 habentur:
1214 1789 1217 1795 Δ

145 1844 301 1910 «Omnia
324 1867 403 1926 quac
426 1847 469 1909 ad
491 1845 650 1910 Eccleaabs
672 1850 754 1910 recle
775 1849 844 1910 visa
867 1845 988 1932 fuerint
1003 1848 1107 1927 pcrti-

140 1963 229 2020 ncra
262 1945 325 2008 stoc
355 1945 473 2021 doacus,
495 1947 553 2007 aut
576 1946 733 2024 possessio
762 1945 814 2020 at,
846 1945 910 2008 siue
938 1946 1108 2025 19111111

140 2042 237 2116 barti,
261 2044 325 2106 siue
348 2061 556 2123 quoecumque
578 2043 655 2116 alic,
680 2043 806 2106 restitui
827 2041 1013 2106 iubemus».

193 2141 287 2204 1023.
317 2177 360 2186 —-
383 2140 438 2204 IV.
474 2165 492 2199 ‹
522 2141 672 2205 Eoolesiae
702 2140 922 2222 acquisitiones
954 2139 1109 2206 uberiores

139 2238 244 2302 factae
268 2240 342 2302 sunt
365 2256 400 2303 en
416 2239 572 2303 utontinm
596 2237 786 2320 parcimonia
809 2239 842 2302 11
864 2237 993 2320 provida
1014 2236 1110 2301 admi·

141 2335 338 2412 nistratione‚
363 2355 399 2401 ac
426 2325 620 2419 potissimum
653 2354 689 2399 en
718 2335 872 2400 laboriosa
903 2336 961 2400 soli
984 2335 1108 2399 onltnra

140 2435 315 2497 maximum
342 2435 565 2499 incrementum
597 2435 789 2516 aeceperunt.
817 2432 900 2512 Quot
927 2434 1009 2498 enim
1036 2433 1108 2499 hor·

141 2531 229 2596 uidae
261 2531 453 2609 solitudines,
489 2533 521 2596 et
554 2531 709 2614 quondam
744 2531 879 2594 ferarum
913 2531 1046 2596 latibula
1076 2531 1107 2596 in

140 2647 273 2692 amoena
297 2629 476 2705 diversoria,
494 2632 572 2712 quot
595 2630 715 2712 spineta
732 2629 763 2692 in
786 2629 903 2704 hortos,
920 2631 998 2711 quot
1020 2628 1109 2694 fundi

86 2780 91 2791 .
141 2728 321 2809 squalentes
338 2729 369 2792 in
385 2747 478 2812 agros
493 2729 525 2792 et
548 2729 648 2811 prata,
665 2729 742 2809 quot
762 2727 882 2792 deserta
898 2728 964 2792 loca
980 2730 1012 2791 et
1028 2729 1108 2792 inac-

140 2843 229 2890 cessa
251 2826 283 2890 in
306 2827 464 2909 praediola
486 2827 566 2891 belle
589 2826 753 2890 aedificata
768 2827 800 2889 et
822 2825 939 2889 fertilia
963 2843 1108 2890 conversa

141 2925 228 3000 sunt,
245 2926 409 3006 postquam
427 2943 464 2988 ea
480 2922 600 3000 Clerici,
617 2925 649 2988 et
664 2923 846 3005 praesertim
861 2923 1006 2986 Monaclri
1021 2922 1108 2986 indu·

144 3021 222 3085 stria
238 3023 270 3086 et
293 3022 398 3086 labore
414 3039 470 3086 suo
490 3021 706 3091 excoluerunt!
731 3017 799 3098 Qua
814 3019 846 3083 in
861 3039 894 3083 rc
909 3020 1107 3102 praecipuam

143 3121 269 3185 laudem
292 3123 450 3186 merentur
473 3119 665 3184 Benedictini
681 3143 698 3176 »
727 3115 869 3202 (Soglia).

191 3219 287 3283 1024.
315 3255 359 3264 -
392 3220 442 3284 lue
475 3217 660 3300 acquirendi
694 3215 876 3280 immobilia.
906 3251 948 3260 -—
979 3215 1004 3278 Ι.
1030 3214 1108 3279 Cum

141 3315 279 3380 Ecclesia
311 3317 352 3380 sit
385 3317 515 3381 societas
545 3314 708 3379 homiuum
738 3316 896 3395 perpetua,
925 3313 957 3376 11
980 3331 1109 3396 regnum

142 3413 319 3478 indeficiens
350 3413 381 3478 in
405 3413 531 3489 mundo,
556 3430 616 3477 non
640 3415 745 3475 tamen
777 3410 814 3473 de
837 3409 964 3491 mundo,
988 3429 1109 3474 necesse

141 3512 209 3587 est,
225 3513 262 3575 ut
285 3511 400 3576 habeat
430 3509 614 3593 temporalia
637 3509 729 3584 bona,
754 3509 818 3571 sine
842 3509 954 3590 quibus
978 3525 1032 3572 neo
1055 3506 1109 3571 ho·

143 3609 241 3673 mines
258 3609 369 3684 vivere,
385 3627 440 3672 nec
455 3626 586 3692 regnum
601 3606 768 3670 subsistere
785 3606 898 3687 potest.
918 3604 1007 3670 Unde
1024 3623 1110 3669 occu·

143 3710 269 3791 pateres
298 3707 448 3771 bonorum
480 3705 633 3770 Ecclesiae
657 3721 718 3768 non
749 3703 851 3768 solum
875 3705 949 3768 sunt
972 3702 1054 3768 fures
1078 3704 1110 3767 et
