2856 4276
521 269 750 316 lalrnnsollnxa
1080 268 1111 321 21

153 361 523 368 ἡ-ς--η--ῌ
531 361 922 370 -----.....----ι--
929 364 941 368 -
948 363 976 368 ..-
1020 365 1028 369 -
1076 365 1115 371 ..-

139 469 344 550 temporibus
368 505 413 514 -
435 469 475 532 II.
500 470 614 536 Locrcr
637 491 674 536 ar
703 491 928 550 nersrersrcs,
958 475 1021 540 imo
1046 477 1113 540 tota

135 567 354 648 Philosophia.
371 604 415 612 -
430 567 487 630 Ill.
505 569 558 634 Ius
574 587 723 635 cnsnrurr.
740 609 785 616 -
800 571 855 635 IV.
872 572 1034 648 Euromo,
1059 593 1114 656 per

136 684 236 746 quam
252 666 329 728 scire
345 683 507 747 possumus
524 668 675 748 quomodo
691 670 823 734 maiores
840 671 936 735 nostri
960 671 1044 754 leges
1060 671 1113 736 ob-

136 765 316 839 servarunt,
333 764 364 826 et
381 763 502 844 quando
519 783 640 846 quaque
664 767 820 832 occasione
840 767 1040 852 legislatores
1063 788 1112 832 eo-

135 858 307 922 elesiastici
331 860 410 924 tales
425 879 556 926 canones
573 863 743 928 inst'tuere.
761 901 806 910 —
819 865 856 926 V.
871 865 1015 930 Srunrou
1033 867 1111 930 AA.

136 957 197 1036 qui
211 958 394 1020 canonicam
409 959 571 1022 scientium
587 959 822 1024 collustrarunt.
845 959 853 992 ¹

137 1173 262 1238 ratione,
282 1191 354 1241 quae
374 1174 526 1230 consistere
540 1193 603 1229 cum
624 1177 743 1232 veritate
763 1177 928 1247 iustitiaque
943 1179 1045 1247 possim
1066 1179 1112 1232 ni·

141 1263 304 1328 mirumst,
325 1265 472 1332 explorata
491 1281 540 1333 spe
560 1266 656 1336 magni
678 1267 796 1321 alicuius
816 1268 892 1333 bcnI,
912 1267 1110 1337 indulgentem

142 1349 271 1404 Ecclesia
290 1367 351 1405 sese
368 1351 523 1420 impertiat,
543 1353 627 1421 idque
656 1354 829 1422 temporibus
858 1355 1005 1424 largiatur,
1027 1356 1112 1424 quod,

139 1440 224 1494 salva
250 1435 336 1494 officii
363 1442 525 1506 sanctitate,
546 1447 649 1510 potest.
669 1443 735 1497 Eius
755 1461 820 1498 vero
841 1445 883 1498 rei
901 1445 1035 1498 iudicium
1056 1463 1112 1498 non

141 1529 327 1597 privatorum,
349 1530 396 1584 sed
424 1531 511 1600 ipsius
541 1531 683 1587 Ecclesiae
711 1533 827 1602 eiusque
856 1534 981 1603 supremi
1001 1533 1110 1603 Capitis

142 1619 228 1686 plane
247 1624 299 1674 est.
320 1617 423 1673 Verum
444 1637 522 1674 secus
542 1625 593 1686 cst,
608 1622 632 1675 si
647 1622 778 1677 derebus
799 1639 832 1677 ac
851 1623 987 1678 doctrinis
1000 1641 1034 1678 ea
1048 1641 1109 1678 sen·

138 1709 236 1763 tentia
264 1709 451 1779 intelligatur,
470 1729 539 1779 quas
560 1713 716 1767 demutatio
745 1731 853 1768 morum
873 1730 906 1768 ae
925 1714 1016 1768 fallax
1035 1713 1106 1767 iudi·

139 1800 217 1853 cium
237 1804 337 1853 contra
350 1802 394 1854 fas
407 1801 575 1856 invexerint.
596 1803 712 1856 Nullum
725 1807 837 1872 tempus
852 1819 952 1858 vacare
966 1803 1112 1871 religione.

144 1889 275 1954 veritate,
296 1890 406 1944 iustitia
425 1895 532 1959 potest:
551 1909 622 1960 quas
642 1909 685 1946 res
706 1893 843 1946 niaximas
863 1897 892 1948 et
916 1893 1110 1948 sanctissimas

138 1994 205 2032 cum
235 1979 310 2033 Deus
330 1979 359 2033 in
379 1981 469 2036 tutela
498 1982 641 2036 Ecclesiae
673 1992 733 2037 esse
754 1981 876 2047 iusserit,
897 1982 968 2036 nihil
987 1987 1031 2038 est
1049 1986 1109 2036 tarn

138 2068 276 2132 alienum,
297 2085 382 2137 quam
401 2070 482 2134 velle,
496 2075 528 2124 ut
546 2072 609 2140 ipsa
627 2071 702 2140 quod
721 2072 766 2126 vel
785 2071 890 2126 falsum
910 2077 953 2128 est
973 2071 1019 2128 vel
1038 2071 1112 2125 iuiu-

143 2161 217 2210 stum
247 2157 459 2212 dissimulanter
486 2159 571 2220 ferat,
590 2166 639 2215 aut
661 2162 690 2214 in
719 2161 753 2216 iis
783 2178 855 2229 quae
884 2165 950 2216 sunt
978 2159 1109 2228 religioni

142 2247 228 2300 noxia
248 2247 400 2302 conniveat
413 2287 438 2316 „.
454 2275 488 2285 -
503 2250 534 2302 In
555 2251 636 2318 epist.
650 2251 774 2304 eiusdem
794 2251 894 2305 Leonis
914 2249 981 2304 XIII
1000 2249 1039 2303 Ia
1052 2267 1108 2304 ma·

137 2338 234 2395 atrocis,
256 2337 287 2390 ll
309 2337 393 2391 Febr.
418 2339 495 2402 1901,
516 2339 552 2392 ad
574 2339 666 2408 Episc.
685 2339 766 2394 Prov.
787 2338 1108 2402 westmonasteriensis,

142 2425 261 2492 legitur:
282 2421 297 2447 “
317 2426 409 2480 Nimis
422 2431 465 2481 est
486 2429 602 2496 cognIta
622 2429 768 2497 pernicies,
785 2445 857 2496 quae
877 2429 980 2496 partim
1000 2428 1111 2496 premit,

142 2516 247 2582 partim
275 2515 430 2582 impendet,
450 2533 484 2570 ex
504 2518 682 2586 opinionibus
705 2519 739 2572 iis
769 2515 970 2582 fallacissimis,
991 2534 1111 2586 quarum

140 2605 304 2658 universum
323 2622 411 2674 genus
442 2607 586 2676 designari
608 2607 795 2668 Catholicismi
815 2608 955 2664 Liberalis
984 2607 1109 2676 appella·

142 2696 219 2749 tione
239 2697 313 2750 soIet
335 2733 357 2761 ,·

183 2783 195 2825 1
211 2785 402 2840 Excsnnnnnrn
415 2787 490 2840 Iunis
511 2787 715 2842 Eccnssrnscrcr
727 2807 776 2841 sno
792 2789 932 2842 (insessor.
947 2813 981 2823 -
994 2787 1040 2841 Ius
1055 2785 1109 2839 Ca·

141 2875 274 2929 uonioum
297 2875 438 2944 dignitate
458 2881 487 2930 et
507 2893 558 2930 usu
582 2893 678 2930 omnes
701 2877 834 2930 scientias
855 2875 999 2929 naturales
1023 2875 1107 2942 longe

143 2969 264 3034 superat.
275 2966 366 3020 -Ius
382 2965 553 3020 CamonIcum
570 2967 579 2988 “
594 2985 649 3020 non
663 2970 759 3020 tamen
773 2970 816 3020 est
830 2965 1012 3020 excellentius
1028 2981 1110 3018 sacra

139 3053 299 3123 Theologia
327 3096 337 3120 ,
368 3051 561 3123 (Reiffens·),‘·'
582 3074 646 3110 nam
668 3057 746 3120 haec,
767 3057 808 3110 ait
830 3056 961 3110 Maschat
990 3053 1109 3123 (proleg.

140 3162 168 3198 rr.
188 3147 241 3212 11),
261 3163 296 3200 ex
309 3146 418 3201 obiecto
438 3165 487 3202 suo
508 3151 550 3201 cst
571 3147 712 3202 altissima
732 3152 760 3202 et
780 3146 1006 3202 eminentissima
1020 3145 1109 3198 scIen·

139 3233 190 3298 tia,
204 3252 238 3288 ac
251 3235 392 3304 sapientia
405 3236 531 3290 indIcaus
543 3235 577 3289 de
590 3236 737 3305 principiis
751 3236 950 3303 cuiuscumque
971 3233 1108 3287 scientiae

142 3325 292 3390 inferioris,
307 3343 344 3379 an
359 3326 526 3380 veritatibus
546 3326 649 3380 divinis
669 3325 826 3380 conformia
840 3327 937 3379 sint:e
951 3325 1109 3378 contraius

103 3469 105 3476 ,
141 3411 315 3468 ¹Ccmorricum
331 3414 376 3468 ch
396 3419 439 3468 est
458 3415 578 3468 scientia
602 3416 799 3469 subalternata
818 3431 914 3468 sacrae
937 3412 1110 3482 Theologiae

141 3519 176 3556 es
190 3504 267 3558 cuins
281 3504 408 3558 fontibus
421 3503 494 3557 sacri
507 3502 635 3559 Oenones
649 3505 790 3573 desumpti
810 3507 891 3566 sunt;
907 3503 953 3557 vel
967 3507 1011 3557 est
1025 3520 1110 3571 quae·

145 3593 207 3646 darn
230 3594 322 3663 portio
341 3593 522 3664 Theologiae.
542 3593 674 3648 Moralis:
700 3611 767 3664 ergo
790 3594 835 3647 Ius
859 3592 1031 3646 Canonioum
1051 3610 1109 3646 non

145 3687 272 3749 praestet
295 3699 391 3736 sacrae
411 3682 591 3752 Theologiae.
611 3709 645 3719 -
657 3683 686 3737 Si
705 3687 802 3737 tamen
821 3685 923 3750 agatur
943 3682 977 3736 dc
997 3698 1111 3750 promo-
