2818 4276
292 229 342 288 150
419 234 594 282 TRAC'I'ATUS
618 235 657 282 DE
680 235 872 284 arausicanis
893 233 1131 282 IURJSDICTIONIS

290 429 439 496 -Nota
462 429 542 512 qnod
566 428 626 494 fere
650 449 809 511 nunquam
831 431 1006 514 completus
1038 431 1087 495 est
1111 447 1254 494 numerus

290 526 513 593 Cardinalium.

334 626 410 688 446.
428 661 469 671 -
485 626 588 691 Tituli.
605 662 649 672 —
664 625 689 688 Ι.
713 624 873 691 sacceam
895 630 942 690 est
963 628 1058 705 atque
1075 624 1255 688 ordinatura

291 721 347 798 has
363 725 586 802 actamquae
601 722 689 802 infra
703 723 874 804 descriptae
885 727 969 800 suat,
988 721 1146 797 eeclesias,
1159 742 1256 802 aeque

289 818 372 883 alias
394 819 429 882 ia
453 819 558 883 titalers
572 821 735 901 assignari
747 820 866 898 dehere,
883 820 1027 884 videlicet
1042 837 1086 884 ux
1101 837 1258 895 nsulsum,

290 916 320 982 8.
339 917 445 982 Crucis
460 918 493 980 in
509 919 687 993 Ierusalem,
701 917 753 982 SS.
766 919 939 984 Marcellini
952 921 984 983 et
999 919 1097 995 Petri,
1111 917 1168 983 SS.
1183 917 1259 997 Qua

290 1014 362 1078 tuor
373 1012 606 1091 Coronatorum,
620 1015 675 1080 SS.
689 1015 813 1080 loannis
836 1018 868 1082 et
888 1016 990 1092 Pauli,
1011 1014 1042 1080 8.
1056 1016 1258 1090 Anastasiae,

290 1111 320 1177 S.
338 1111 479 1188 Sabinae,
503 1111 534 1176 8.
551 1111 698 1195 Stephani
714 1114 745 1178 in
762 1111 867 1179 Coelio
883 1114 1002 1190 Monte,
1024 1113 1057 1179 8.
1076 1111 1260 1187 Clementis,

291 1209 349 1276 SS.
372 1207 463 1272 Nerei
493 1210 524 1274 et
546 1209 688 1286 Achillei,
719 1211 752 1276 S.
776 1209 944 1286 Susannae
977 1211 1008 1274 8.
1033 1210 1262 1285 Pudenlianae,

291 1306 322 1372 S.
347 1305 434 1381 Sinti,
458 1305 489 1370 S.
513 1307 598 1372 Petri
621 1307 661 1372 ad
684 1309 815 1382 vincula,
841 1305 870 1372 S.
887 1308 1019 1372 Martini
1038 1308 1068 1372 in
1086 1307 1261 1380 montibus,

291 1405 321 1469 8.
346 1405 480 1479 llusehii,
505 1403 535 1468 S.
558 1405 690 1480 Priscae,
715 1405 745 1470 8.
772 1405 896 1479 Vitalis,
921 1405 951 1470 8.
976 1405 1090 1480 Marci,
1115 1405 1150 1470 8.
1180 1404 1263 1468 Mar-

292 1503 371 1578 celli,
395 1500 428 1566 S.
452 1502 622 1566 Laurentii
642 1504 677 1566 ia
701 1504 851 1578 Damaso,
875 1523 955 1583 qaae
972 1501 1004 1566 S.
1018 1502 1186 1566 Romanae
1202 1501 1264 1566 Ec-

292 1599 403 1664 clesiae
427 1597 713 1664 Vae-Coacellario
733 1621 792 1680 pro
805 1605 937 1680 tempore
951 1601 1100 1664 existenti
1109 1605 1265 1680 perpetuo
1397 1643 1398 1670 ,

292 1717 435 1762 concessa
458 1702 489 1761 et
508 1699 672 1779 assignata
699 1699 765 1763 est.¹
789 1697 819 1763 S.
844 1698 1005 1772 Balbinae,
1037 1695 1068 1762 S.
1094 1695 1264 1772 Caeciliae,

293 1793 323 1860 8.
348 1793 550 1879 Chrysogoni,
575 1793 605 1859 8.
629 1795 785 1872 Praredis,
810 1796 842 1860 S.
859 1795 978 1859 Mariae
1001 1795 1089 1859 trans
1110 1793 1263 1857 Tiberim.

293 1891 338 1956 Ex
349 1909 586 1957 rossnmoaraus
599 1912 678 1968 vero,
693 1893 744 1958 SS.
757 1892 874 1973 Quirici
889 1895 921 1956 et
936 1893 1063 1967 Iulitae,
1080 1891 1114 1956 8.
1132 1891 1265 1956 loannis

293 1992 365 2054 ante
388 1989 514 2054 Portam
538 1990 692 2066 Latinam,
718 1989 747 2054 S.
771 1991 902 2075 Agnetis
925 1989 958 2053 in
980 1989 1098 2073 Agone,
1123 1987 1155 2052 8.
1180 1989 1266 2052 Lau·

292 2088 386 2152 rentii
409 2089 439 2152 in
463 2089 660 2170 Panisperna‚
685 2087 715 2152 S.
740 2089 875 2152 Thomas
898 2088 928 2152 in
952 2087 1112 2161 Parriene,
1138 2086 1169 2151 S.
1194 2086 1266 2170 Syl·
1398 2109 1399 2118 ἱ

293 2186 388 2250 vestri
411 2187 442 2248 in
466 2183 582 2267 Campo
599 2185 725 2262 Martio,
736 2185 772 2256 S.
788 2185 956 2262 Pancratii,
974 2185 1005 2250 S.
1022 2184 1264 2249 Bartholomaei

232 2327 236 2335 .
293 2285 325 2348 in
355 2283 472 2358 Insula,
504 2282 534 2347 S.
565 2283 721 2347 Matthaei
750 2285 781 2348 in
812 2283 986 2358 Merulana,
1013 2282 1044 2347 S.
1077 2281 1200 2346 Mariae
1224 2281 1266 2346 de

290 2380 443 2456 Aracaeli,
460 2381 490 2445 8.
507 2381 626 2445 Mariae
642 2381 674 2444 in
689 2381 760 2457 Via,
777 2382 809 2446 8.
823 2381 944 2444 Mariae
961 2399 1055 2462 supra
1072 2379 1265 2455 Minervam,

293 2478 323 2542 S.
337 2477 455 2541 Mariae
470 2479 658 2561 Angelorum
676 2480 706 2542 in
724 2479 874 2552 Thermis,
900 2479 932 2542 S.
949 2478 1135 2560 Hieronymi
1159 2479 1266 2561 lllyri·
1399 2483 1400 2510 ¹

292 2595 409 2651 eorum,
426 2576 456 2640 8.
470 2577 616 2641 Honuirii
632 2578 662 2640 in
679 2578 828 2654 Ianiculo,
844 2576 875 2642 S.
891 2576 1074 2661 Augustini,
1092 2575 1123 2640 S.
1140 2577 1265 2640 Mariae

292 2673 329 2738 de
348 2673 479 2756 Populo,
504 2672 533 2738 8.
557 2673 658 2738 Alerii
674 2675 705 2737 in
721 2673 885 2750 Aventino,
903 2673 933 2738 S.
952 2674 1051 2738 Blasii
1067 2674 1105 2738 de
1121 2673 1263 2750 Annulo,

292 2769 323 2835 8.
340 2771 458 2834 Mariae
474 2771 512 2834 da
534 2770 623 2848 Pace,
649 2771 681 2835 S.
713 2771 884 2836 Salvatoris
907 2771 947 2836 de
979 2771 1091 2847 Lauro,
1117 2772 1149 2836 8.
1174 2773 1265 2837 Petri

291 2869 323 2934 in
347 2868 452 2932 Monte
475 2867 589 2946 Aureo,
614 2868 739 2934 SSmae
761 2867 928 2932 Trinitatis
954 2870 984 2933 in
1008 2869 1115 2934 Monte
1140 2871 1265 2946 Pincia,

292 2965 323 3032 8.
347 2965 467 3029 Mariae
490 2965 746 3046 Transpontinae.

337 3063 413 3125 447.
442 3099 479 3108 -
505 3061 546 3124 ll.
563 3063 611 3126 Ex
626 3062 816 3126 Ducousus
836 3081 907 3126 vero
922 3063 1062 3144 antiquis
1085 3064 1265 3128 retinentur

292 3159 516 3224 tantummodo.
539 3154 782 3240 quatuordeeim,
813 3158 975 3224 videlicet:
1009 3159 1041 3224 8.
1075 3159 1199 3224 Mariae
1231 3162 1265 3226 in

292 3257 421 3338 Aquita,
446 3257 476 3322 S.
500 3256 619 3320 Mariae
641 3257 673 3319 in
696 3254 869 3329 Cosmedin,
894 3255 949 3321 SS.
974 3259 1109 3324 Cosmae
1133 3261 1166 3322 et
1198 3259 1265 3323 Da-

292 3355 399 3430 miani‚
425 3355 456 3418 S.
481 3353 599 3417 Mariae
621 3351 738 3426 Novae,
764 3355 795 3418 S.
812 3352 951 3429 Adriani,
969 3353 1000 3418 S.
1023 3354 1144 3419 Mariae
1160 3357 1193 3420 in
1212 3359 1268 3421 via

291 3449 382 3527 Lata,
400 3450 429 3515 8.
446 3451 566 3515 Mariae
589 3451 621 3514 in
644 3450 780 3526 Portica,
794 3448 825 3514 8.
842 3448 953 3532 Angeli
969 3452 1001 3514 in
1018 3452 1085 3516 foro
1109 3452 1265 3530 Pisoari0,

290 3547 321 3612 S.
345 3547 467 3612 Nicolai
482 3549 514 3612 in
530 3566 648 3612 carcere
671 3547 833 3624 Tulliano,
861 3545 892 3611 8.
905 3547 1025 3613 Mariae
1048 3550 1080 3614 in
1097 3551 1266 3627 Domniea,

292 3641 323 3708 S.
331 3643 501 3720 Eustachii,
511 3643 541 3710 8.
551 3643 619 3708 Viti
630 3644 661 3708 in
673 3643 832 3724 Marcella,
842 3641 874 3708 8.
882 3642 1029 3728 Agathaa
1037 3665 1074 3711 ac
1082 3645 1114 3711 S.
1124 3645 1262 3731 Georgii
