2812 4268
220 305 223 311 n
356 278 421 326 cur.
444 277 465 324 1.
489 247 723 326 uu'rorusrrru
746 277 904 326 rumorum
1053 273 1103 328 411

191 475 288 540 1265.
312 511 356 522 -
379 480 460 542 Reus
483 476 529 540 its
552 475 654 540 dictus
677 493 747 540 are
761 479 967 549 controuerso,
983 476 1032 539 cst
1054 473 1107 539 ille

144 573 201 654 qui
225 572 265 636 ab
294 577 397 638 actore
432 575 466 638 iu
500 573 616 638 iudicio
634 575 830 654 prouocatus,
863 573 930 636 eius
954 574 1107 636 actionem

138 670 355 752 propulsando
377 691 411 735 sc
431 670 584 750 defendit,
612 707 652 718 -
686 668 892 735 Condcmuari
918 688 979 734 non
1002 671 1122 752 potest¹

144 770 205 834 nisi
228 769 387 834 convictus
409 771 441 833 et
464 769 496 833 iu
519 787 575 834 suo
598 769 678 834 foro.
1202 785 1205 791 ·

192 868 288 932 1266.
312 905 357 914 --
381 869 542 934 Personas
566 868 739 933 auxiliares
754 883 866 930 moras
881 865 997 948 triplici
1016 863 1107 929 modo

145 965 277 1032 iudicem
301 965 469 1030 adiuvant:
496 965 540 1029 1.⁰
563 963 778 1039 consultando,
801 966 839 1028 ut
869 964 989 1028 faciunt
1019 962 1107 1026 oudi-

147 1066 238 1137 torcs,
261 1063 294 1126 et
315 1081 497 1139 assessores,
537 1079 591 1126 ssu
617 1059 804 1135 consiliarii3
835 1063 871 1123 2⁰
902 1062 973 1125 acts
1002 1059 1109 1124 iudicii

145 1159 317 1236 scribendo,
340 1159 378 1222 ut
400 1159 521 1223 notarii
542 1159 596 1241 qui
618 1159 713 1223 etism
737 1160 886 1222 vocantur
908 1157 1029 1226 scribae
1049 1177 1108 1238 pa·

147 1256 231 1334 ttici,
243 1255 388 1333 actuarii,
403 1255 593 1333 tabelliones,
613 1254 864 1336 parasiticae
880 1256 917 1320 30
933 1253 1109 1334 eacqueucto

147 1355 230 1437 quod
253 1355 342 1418 iudex
366 1356 510 1437 imperat,
534 1355 571 1418 ut
593 1355 701 1418 auertit
721 1353 895 1429 iudiciales,
927 1353 981 1435 qui
1011 1353 1108 1416 etiam

91 1465 96 1471 “
147 1453 345 1536 appellantur
367 1453 572 1533 apparitores,
588 1471 740 1530 cursores,
754 1451 879 1532 pedeltr'.
907 1487 941 1498 -—
962 1450 1109 1515 Auxum-

148 1559 428 1615 sussuranensis
463 1552 537 1614 sunt
566 1549 718 1625 aduocati,
746 1552 976 1630 procuratores,
1009 1551 1108 1611 testes.

147 1647 263 1711 Munus
286 1647 493 1729 procuratoris
517 1647 565 1710 ost
587 1647 757 1728 privatum.

196 1744 292 1808 1267.
316 1781 360 1790 —
385 1744 479 1810 turia
497 1743 693 1826 episcopatis
709 1743 941 1826 comprehcndit
964 1761 1111 1825 personas

149 1843 263 1926 quibas
279 1841 462 1906 Ordiuarius
477 1842 580 1906 utitur
595 1841 635 1905 ud
650 1841 848 1906 exercendam
868 1841 1110 1906 iurisdietionem

149 1943 182 2005 et
199 1940 367 2020 praecipue
387 1941 570 2019 potestaten
593 1939 804 2002 iudieiarcauc.
882 1969 885 1978 =

196 2039 292 2102 1268.
310 2073 352 2084 -
371 2038 504 2103 ministri
520 2037 690 2102 trituratis
707 2053 764 2102 scu
784 2037 897 2102 curiae
915 2036 1110 2118 episcopatis

151 2139 243 2206 sunt:
283 2137 316 2199 1⁰
344 2136 526 2210 Auditores,
558 2135 612 2216 qui
643 2135 804 2219 nogotium
827 2135 921 2199 iudici
956 2135 1112 2216 exponunt

150 2233 361 2311 decidendum,
386 2251 439 2297 ssu
462 2231 671 2311 referendarii
677 2259 689 2309 ,·
714 2233 748 2293 2⁰
771 2231 957 2296 Asscssoces
984 2231 1022 2295 ab
1038 2231 1113 2296 ussi·

150 2334 248 2399 dendo
272 2333 365 2406 dictu
398 2333 434 2395 3⁰
457 2331 628 2395 Promotou
658 2329 711 2412 qui
742 2347 852 2394 causas
883 2330 1023 2412 publicas
1058 2348 1112 2413 pro

149 2433 227 2496 bono
250 2430 407 2496 communi
431 2429 585 2494 Ecclesiae
601 2427 740 2510 suscipit,
757 2429 789 2491 st
805 2428 878 2492 illss
891 2447 996 2492 coram
1011 2427 1112 2492 iudice

148 2549 185 2594 ex
200 2529 300 2594 officio
316 2527 523 2611 prosequitur,
540 2527 648 2608 estque
663 2525 753 2607 quasi
769 2525 940 2590 advocatus
956 2527 987 2589 et
1006 2526 1112 2600 actor3

149 2629 185 2691 4⁰
230 2627 410 2690 Adsecutus
446 2623 576 2705 fiscalis,
617 2623 671 2704 qui
707 2623 918 2705 promotorem
957 2623 1112 2699 adiuvat3

150 2727 185 2788 5ο
213 2723 428 2787 Gaueettarius
451 2723 517 2786 siue
540 2720 726 2794 Actuarc'us,
750 2723 782 2784 et
804 2719 965 2785 Nouimus
985 2717 1112 2785 'Cumis

151 2821 286 2906 (expedit
309 2823 346 2885 ut
368 2821 411 2885 sit
433 2819 538 2902 potius
561 2819 690 2882 clericus
713 2837 808 2900 quam
830 2818 939 2895 laicus,
964 2819 995 2882 et
1010 2819 1114 2900 requi-

148 2921 231 2984 ritur
253 2919 285 2982 in
301 2918 384 2983 omni
400 2916 514 2981 iudicio
532 2916 718 2998 ordinario);
744 2917 778 2978 6⁰
806 2913 925 2979 Cursor
953 2933 1006 2996 seu
1022 2915 1114 2979 Nuu-

151 3017 215 3080 tc'as
226 3016 290 3081 sivo
307 3016 483 3095 Apparttor
498 3013 609 3078 iudicis
625 3014 709 3078 iussu
725 3012 812 3088 feeit,
829 3013 907 3076 citat
922 3014 1037 3094 partes,
1053 3015 1112 3078 etc.

210 3229 288 3294 Arcu.
312 3229 353 3293 ΙΙ.
376 3228 428 3294 Ite
450 3227 683 3312 competentia
706 3227 791 3294 Furi
814 3223 1049 3294 ecelesiastici.

198 3399 294 3462 1269.
308 3435 352 3445 -
365 3398 526 3464 otiestum
545 3398 712 3480 potestatis
730 3397 916 3464 iudiciariae
936 3396 1112 3462 Ecclesiae.

151 3535 196 3546 -
219 3498 243 3562 Ι.
272 3495 385 3560 Omues
400 3515 512 3560 causae
528 3493 750 3560 ecclesiasticae
764 3499 840 3558 suut
858 3494 1007 3557 obiectum
1021 3494 1114 3558 istius

101 3659 103 3664 ,
144 3596 322 3677 potestatis,
357 3595 445 3659 iuxta
476 3593 555 3658 illud
582 3593 691 3678 Vigilii
718 3593 808 3675 epist.
841 3593 899 3656 15:
938 3591 1114 3676 «Negotia

150 3694 359 3759 ecclesiastiea
382 3692 604 3775 Episcoporum
620 3691 734 3756 iudicio
750 3691 908 3755 reservato
923 3691 1006 3766 sunt,
1023 3689 1115 3771 idque
