2758 4270
228 271 293 318 CAP.
316 272 338 319 l.
362 273 402 320 DE
425 273 526 322 REBUS
548 271 711 320 accessus
734 273 969 321 TEMPORALIBUS
1027 273 1082 330 353

161 473 259 536 1019.
296 509 335 520 —-
363 473 418 536 lV.
448 473 537 540 Unde
560 474 651 540 hodie
682 475 791 540 obolus
814 474 844 540 S.
868 476 953 540 Petri
976 477 1081 559 potius

113 570 264 634 dicendus
280 572 459 634 necessaria
485 576 516 636 et
531 573 625 652 quasi
633 573 834 653 praeceptiva
849 573 972 649 oblatio,
986 595 1081 654 qaam

113 667 247 747 simplem
269 667 410 748 fideliam
427 669 564 751 largitio.
581 671 622 735 Et
637 672 696 735 hac
711 671 805 735 etiam
823 671 860 735 de
876 691 970 736 causa
987 671 1078 736 Cone.

112 765 199 828 Plen.
223 765 295 830 Am.
318 765 461 843 Latinae,
486 769 546 831 art.
573 768 726 844 rsa-796,
751 769 903 833 decrevit:
932 795 949 827 «
973 768 1080 833 Deae

111 863 197 925 riom
221 861 333 927 Sancti
355 863 459 940 Petri,
484 884 544 954 quo
560 864 665 930 fideles
680 866 876 950 gravissimis
899 866 1080 950 indigentiis

114 961 249 1026 Romani
275 961 436 1026 Pontificis
466 963 662 1039 subveniunt,
687 963 797 1047 religio
828 964 1025 1029 commendat
1048 966 1080 1028 et

113 1059 197 1124 ratio
221 1059 349 1124 suadet:
366 1060 540 1125 Naturalia
555 1062 638 1126 enim
652 1061 736 1126 ratio
751 1063 858 1139 dietat,
882 1063 929 1128 ait
952 1063 982 1127 S.
1000 1063 1080 1128 Tho-

114 1175 183 1221 mas
198 1152 220 1233 ¹,
244 1162 280 1220 at
301 1157 361 1235 itti,
386 1160 442 1240 qui
464 1157 556 1224 tabet
574 1180 682 1223 curam
704 1160 742 1223 de
764 1162 920 1224 communi
941 1160 1080 1224 inattiteo-

114 1265 202 1329 otieris
232 1271 326 1343 stuta,
344 1267 551 1345 provideatur
573 1267 611 1330 cte
641 1267 729 1330 bonis
751 1267 973 1345 corrmaaibua
997 1269 1079 1332 arcete

110 1364 215 1443 possit
236 1366 347 1444 creora
369 1383 415 1439 aa,
440 1385 520 1445 qaae
540 1366 699 1444 pertinent
720 1365 764 1428 act
784 1385 974 1430 eornmoaem
996 1365 1081 1430 sara

116 1465 175 1524 tem
190 1485 222 1524 ».
247 1462 335 1526 Unde
358 1462 595 1544 antiquissimus
617 1461 679 1528 furt
703 1465 733 1527 in
757 1463 894 1530 Ecclesia
917 1483 992 1528 usus
1015 1465 1080 1547 pia·

114 1579 184 1622 mm
208 1561 410 1624 collectarum
433 1559 472 1624 ad
496 1560 634 1624 subsidia
657 1561 835 1644 pecuniaria
857 1579 913 1644 pro
928 1561 1080 1626 Pontilice

115 1657 244 1722 Summo
259 1658 416 1742 indigente
431 1659 647 1742 comparanda.
664 1695 707 1706 -
723 1651 835 1743 Igitur,
852 1677 934 1736 cum,
951 1679 987 1724 ex
1002 1662 1080 1724 tem·

114 1775 226 1839 porum
249 1759 430 1824 calamitate
449 1759 481 1822 et
496 1757 664 1840 impiomm
681 1759 813 1834 malitia,
831 1757 1080 1841 multiplicentur

114 1854 145 1917 in
169 1853 235 1918 dies
257 1855 446 1940 indigentiae
479 1856 622 1937 Supremi
652 1855 805 1919 Ecclesiae
828 1855 932 1920 Patris
955 1873 991 1920 ac
1022 1855 1080 1920 Pa-

114 1953 219 2030 storis,
243 1953 447 2035 multiplicari
470 1955 566 2018 etiam
594 1953 706 2018 debent
729 1954 798 2036 piae
820 1952 958 2017 fidelium
982 1954 1078 2038 largi-

114 2051 225 2127 tiones,
239 2051 351 2138 quibue
364 2051 438 2114 dum
454 2052 622 2136 mitigatur
637 2053 758 2135 egestas
771 2054 906 2135 augusta
918 2051 1079 2117 Pontifiois

158 2301 166 2337 ¹
192 2304 371 2361 “Praeterea
389 2307 471 2362 iuxta
492 2305 650 2362 beatissimi
680 2307 816 2374 Stephani
837 2307 931 2376 Papae
951 2307 1077 2363 sanctio-

113 2413 177 2450 nem
198 2397 358 2461 statuimus,
378 2402 410 2450 ut
430 2396 504 2458 laici,
525 2395 653 2466 quamvis
682 2397 816 2464 religiosi,
844 2395 951 2450 nullam
980 2401 1077 2452 tamen

112 2485 146 2540 de
166 2486 367 2562 ecclesiasticis
387 2486 469 2540 rebus
490 2486 598 2554 aliquid
624 2486 790 2554 disponendi
810 2486 936 2540 habeant
956 2486 1077 2540 faculta-

111 2579 185 2630 tem:
206 2575 256 2629 sed
275 2577 427 2629 secundum
448 2575 646 2644 Apostolorum
667 2593 789 2630 canones
809 2576 933 2631 omnium
953 2577 1079 2645 negotio·

111 2683 173 2718 rum
194 2664 449 2719 ecclesiasticorum
474 2681 568 2718 curam
598 2657 745 2732 episcopus
765 2665 878 2729 lrabeat,
898 2669 927 2719 et
946 2683 980 2720 ea
998 2666 1078 2719 velut

111 2753 170 2808 Deo
191 2754 402 2822 contemplante
429 2753 582 2822 dispenset.
603 2753 632 2809 Si
661 2756 724 2823 quis
744 2771 811 2824 ergo
839 2755 997 2823 principum
1026 2763 1077 2809 aut

110 2841 248 2896 laicorum
268 2841 388 2896 aliorum
407 2841 649 2909 dispensationem
677 2857 770 2896 rerum
790 2841 849 2896 sive
868 2843 1075 2910 possessionum

111 2930 367 2984 ecclesiasticarum
388 2930 441 2984 sibi
461 2930 659 2992 vindicaverit,
678 2935 711 2984 nt
730 2931 883 2999 sacrilegus
902 2929 1042 2986 iudicetur
1063 2972 1074 2995 ,

110 3017 206 3085 (Cone¹
228 3017 377 3073 Oecumen.
398 3018 537 3074 bateran..
557 3019 578 3081 I,
598 3035 660 3072 can.
679 3017 716 3080 4).

157 3108 168 3132 ⁸
185 3109 227 3163 34.
248 3109 319 3163 Item
339 3113 433 3163 utrum
453 3109 558 3176 credat,
584 3109 657 3177 quod
678 3109 764 3163 liceat
792 3109 918 3177 personis
947 3110 1076 3164 ecelesia-

110 3199 189 3252 stieis
209 3198 315 3266 absque
335 3201 451 3266 peccato
476 3197 558 3251 huius
589 3197 686 3252 mundi
706 3199 809 3252 habere
829 3199 1020 3266 possessiones
1046 3203 1076 3254 et

109 3287 185 3342 bona
203 3287 372 3354 temporalia
391 3328 406 3355 „
427 3287 499 3350 (Art.
520 3287 668 3354 dequibus
688 3303 810 3342 errorum
825 3287 944 3342 Wikloff
961 3291 990 3342 et
1000 3288 1074 3342 Huss

110 3378 234 3446 suspecti
254 3381 320 3432 sunt
338 3377 533 3447 interrogandi
553 3395 587 3433 ex
606 3378 636 3430 B.
657 3379 738 3432 Iater
764 3386 877 3432 coactos
901 3378 1018 3433 Martini
1042 3380 1074 3442 V,

109 3467 161 3522 Off.
181 3477 216 3520 n,
229 3465 302 3532 498).

101 3561 105 3569 '
146 3557 158 3582 ³
176 3557 218 3612 10.
239 3555 345 3612 Contra
364 3557 539 3626 Scripturam
562 3557 676 3611 Sacram
705 3561 756 3623 est,
777 3557 852 3626 quod
872 3559 926 3612 viri
945 3560 1075 3614 ecclesia·

109 3648 173 3702 stici
192 3649 317 3702 habeant
337 3648 534 3716 possessiones.
561 3675 595 3684 -
616 3649 656 3701 16.
687 3647 799 3702 Domini
819 3650 991 3716 temporales
1011 3667 1073 3718 poe·

109 3743 175 3792 eunt
194 3737 230 3790 ad
249 3737 398 3791 arbitrium
418 3755 498 3791 sunm
528 3737 640 3791 auferre
658 3737 733 3791 bona
761 3738 930 3806 temporalia
959 3739 994 3792 ab
1022 3739 1073 3793 Ee-

160 3859 189 3904 23
203 3881 229 3892 ·-
243 3859 309 3902 luris
327 3859 385 3903 Oen.
