2758 4270
264 260 328 307 CAP.
354 263 383 306 V.
408 262 446 308 DE
471 262 626 310 montesis
649 263 686 308 ΕΤ
710 261 925 311 secundamus
1030 261 1084 315 fflR

955 355 1079 363 0*—

112 459 327 544 impediendus
350 461 398 524 est
423 479 440 524 a
459 461 569 525 maiori
587 461 770 542 perfectione
795 462 978 542 quaerenda,
1004 481 1083 543 quae

112 559 142 636 in
167 559 297 622 arctiori
319 559 469 641 religione
491 559 622 622 inveniri
646 560 865 642 praesumitur.

157 658 236 720 843.
261 693 306 702 —-
326 657 388 722 Sed
408 658 476 723 iure
494 659 665 723 novissimo
682 676 742 722 non
760 659 894 739 amplius
911 658 984 722 licet
1000 659 1083 721 tran-

111 753 205 830 situs,
233 756 291 818 nisi
318 774 353 818 ex
377 755 406 819 S.
439 754 528 818 Sedis
558 755 684 818 licentia
707 753 746 818 ad
770 754 925 830 Ordinem,
960 755 990 818 in
1022 774 1083 836 quo

112 853 295 918 claustralis
318 853 480 934 disciplina
505 853 619 936 vigeat,
643 851 689 915 ita
713 852 750 916 ut
773 851 945 916 Monachus
966 853 1006 915 ab
1021 871 1083 916 uno

112 950 263 1014 dimissus
287 945 400 1013 Ordine
423 951 530 1014 statim
564 949 732 1031 recipiatur
755 949 794 1012 ab
827 951 900 1014 alic.
925 949 1026 1030 Quare
1057 951 1084 1014 si

112 1049 269 1113 transitus
293 1049 384 1112 aliter
406 1047 473 1125 fiat,
498 1067 558 1112 non
583 1047 707 1112 videtur
722 1067 810 1130 posse
826 1050 1000 1112 transeunti
1017 1067 1084 1131 pro-

111 1148 212 1224 desse,
237 1147 363 1212 etiamsi
386 1147 416 1210 in
448 1146 579 1210 secunda
611 1146 759 1230 religione
794 1148 865 1228 post
895 1147 1084 1211 novitiatum

111 1246 335 1327 professionem
360 1245 514 1308 emiserit:
539 1263 611 1308 nam
629 1263 748 1308 neeesse
768 1245 838 1320 erit,
862 1247 899 1308 ut
922 1246 961 1309 ab
977 1245 1083 1310 eadem

112 1345 215 1416 exeat,
241 1344 273 1406 et
296 1341 336 1405 ad
359 1343 491 1424 primam
512 1343 594 1406 intra
619 1343 681 1406 tres
705 1361 824 1406 menaea
840 1345 1024 1406 revertatur.
1041 1381 1083 1390 -

113 1443 163 1506 lta
189 1439 225 1505 C.
251 1440 382 1514 Ferrari,
407 1442 466 1504 ete.

158 1540 239 1602 844.
264 1573 308 1584 -
332 1539 596 1604 saecularizatio.
621 1575 665 1584 —
688 1539 713 1601 Ι.
738 1538 899 1602 indultum
923 1539 1086 1602 saeculari·

113 1638 250 1702 nationis
274 1656 308 1700 cr
333 1638 416 1700 insta
449 1655 554 1713 causa,
577 1638 615 1700 ut
638 1636 676 1700 ad
710 1636 902 1701 adiuvandos
932 1639 1085 1718 parentes,

114 1735 163 1799 vel
187 1734 231 1799 ad
255 1734 412 1815 propriam
425 1735 594 1798 curandam
612 1733 745 1798 salutem
771 1735 863 1816 (qnae
887 1753 980 1798 causa
997 1753 1086 1816 saepe

113 1834 195 1898 falsa
233 1833 290 1906 est,
316 1833 364 1897 vel
398 1833 484 1897 aliud
508 1851 568 1895 non
601 1830 764 1896 excludens
789 1831 974 1914 remedium)
1006 1833 1086 1896 solet

113 1931 303 2014 quandoque
333 1931 496 1994 concedere
527 1929 674 1994 Summus
708 1929 857 2004 Pontifex,
884 1930 936 2010 qui
967 1929 1087 2011 dispen-

114 2030 214 2095 sando
237 2029 422 2110 regulariter
446 2029 551 2112 erigit,
577 2029 613 2091 nt
634 2029 784 2108 quantum
805 2027 873 2091 fieri
896 2027 1007 2109 potest,
1026 2029 1087 2091 tria

113 2128 231 2192 emissa
256 2130 329 2190 vota
353 2129 523 2200 serventur,
548 2128 580 2189 et
603 2126 640 2188 ut
656 2125 783 2206 aliquod
800 2125 938 2208 religiosi
962 2125 1089 2189 habitus

113 2226 288 2308 vestigium
311 2225 343 2288 in
366 2225 489 2289 saeculo
514 2225 628 2307 iugiter
660 2223 828 2287 deferatur.
852 2223 916 2287 Neo
939 2241 993 2304 pro
1017 2242 1086 2287 con·

112 2325 215 2390 traria
242 2323 437 2387 conclusione
468 2323 627 2386 sufficiunt
650 2340 792 2395 canones,
817 2323 847 2385 in
878 2322 990 2402 quibus
1020 2324 1085 2385 sta-

113 2423 220 2486 tuitur
242 2419 430 2485 monachum
455 2439 574 2500 semper
597 2437 662 2484 esse
685 2420 883 2497 monachum,
908 2420 954 2484 ita
978 2421 1014 2483 ut
1033 2419 1086 2482 de-

114 2539 209 2603 super
232 2538 265 2582 re
293 2537 391 2600 neque
423 2517 570 2582 Summus
602 2515 743 2580 Pontifex
769 2519 863 2597 queat
893 2517 1084 2599 dispensare:

114 2639 188 2682 nam
215 2618 290 2681 vcta
315 2616 465 2680 solemnia
489 2616 562 2678 aunt
585 2633 620 2678 er
651 2614 718 2678 sola
741 2616 963 2680 constitutione
986 2614 1086 2678 Eccle-

116 2719 198 2782 siae:
225 2715 270 2790 at,
294 2733 373 2795 quae
390 2714 429 2776 ab
445 2713 580 2776 Ecclesia
596 2713 721 2776 fuerunt
737 2713 884 2776 instituta
901 2715 1031 2794 possunt
1047 2717 1086 2776 ab

117 2813 226 2878 eadem
253 2811 401 2886 revocari,
419 2809 491 2891 quia
508 2810 573 2872 eius
589 2810 637 2872 est
653 2809 781 2885 solvere,
800 2811 888 2872 cuius
908 2811 955 2873 est
970 2809 1085 2892 ligare:

117 2913 246 2992 insuper
270 2909 391 2972 Summi
414 2907 579 2971 Pontifices
610 2907 776 2970 identidem
802 2907 859 2970 hac
891 2904 1088 2990 dispensandi

117 3009 272 3073 facultate
288 3007 432 3070 utuntur.
449 3003 550 3084 Quare
566 3003 713 3068 contrarii
729 3023 859 3068 canones
883 3004 928 3068 ita
952 3005 1025 3067 sunt
1041 3003 1087 3066 in-

117 3103 322 3188 terpretandi,
348 3122 384 3166 ne
409 3102 517 3165 deceat
540 3099 704 3164 Summum
728 3100 908 3166 Pontificem
934 3099 1087 3164 ordinarie

118 3204 184 3267 sine
208 3221 314 3266 eausa.

164 3301 242 3364 845.
259 3299 360 3364 -ΙΙ,
379 3297 670 3362 Saecularizationis
686 3298 835 3379 rescripta
851 3315 911 3360 non
929 3295 1088 3360 infirmant

117 3399 299 3481 religiosam
323 3396 563 3477 professionem3
587 3413 624 3458 ac
651 3395 776 3476 proinde
800 3413 858 3458 ncn
890 3395 1015 3458 tenetur
1045 3393 1088 3456 in·
1141 3391 1144 3398 '

117 3495 277 3560 dultarius
289 3493 510 3575 professionem
533 3494 565 3556 et
584 3493 774 3556 novitiatum
790 3491 903 3556 iterare
931 3491 953 3565 ¹,
968 3491 993 3556 si
1009 3490 1089 3572 pat't

166 3708 176 3741 1
192 3706 397 3764 Saeculariaati
409 3705 538 3774 perpetui
550 3705 706 3760 amiserunt
719 3705 921 3780 antianitatern
934 3705 1089 3775 religionis.
