2818 4276
320 218 356 272 98
534 221 639 269 Tutor.
664 223 703 270 Dll
727 223 801 270 IURE
825 223 915 270 PUBL.
939 224 972 268 IN
995 224 1066 270 GEN.

325 444 342 478 «
358 421 431 495 tem,
463 419 549 482 casta
581 419 612 480 et
643 416 727 480 fideli
758 417 931 482 obedientia
963 417 1098 482 subiicis.
1122 418 1169 482 Tu
1202 419 1283 483 viros
1374 456 1381 506 3

324 515 539 598 «coniugibus
563 534 623 579 non
639 515 678 578 ad
694 515 889 578 illudendum
912 515 1143 580 imbecilliorem
1166 535 1283 591 sexum,
1380 507 1381 510 '

324 639 341 674 c
358 614 411 678 sed
434 613 542 677 sinceri
570 613 685 677 amoris
711 613 833 696 legibus
861 613 1010 695 praeficis.
1035 615 1082 678 Tu
1105 615 1284 696 parentibus

323 737 341 771 «
357 711 437 776 filios
469 710 565 773 libera
597 709 731 792 quadam
766 712 915 775 servitute
946 712 1118 796 subiungis,
1143 712 1285 794 parentes

323 835 341 870 «
356 810 428 873 filiis
452 809 502 892 pia
527 808 735 872 dominatione
758 799 952 892 1111111111..
977 811 1025 874 Tu
1049 812 1131 875 cives
1154 811 1284 886 civibus,

323 933 340 968 ‹
356 909 392 972 tu
407 909 515 991 gentes
530 906 684 998 gentibus,
702 908 733 970 ct
749 926 873 989 prorsus
888 907 1038 986 hominen,
1048 908 1221 991 primorum
1236 927 1287 990 pa·

322 1007 478 1069 «rentum
494 1003 714 1078 recordatione,
740 1023 800 1068 non
817 1005 964 1068 societate
989 1006 1114 1069 tantum
1131 1005 1184 1069 sed
1214 1023 1287 1086 qua·

323 1103 427 1167 «dam
451 1103 547 1165 etiam
570 1101 777 1177 fraternitate,
790 1103 961 1187 coniungis.
985 1103 1085 1168 Doces
1108 1122 1196 1188 reges
1220 1120 1287 1185 pro-

322 1202 468 1283 «spicere
491 1199 623 1282 populis,
649 1217 754 1263 mones
788 1200 918 1282 populos
942 1219 973 1264 11
997 1201 1124 1264 subdere
1148 1201 1285 1286 regibus.

322 1296 473 1376 «Quibus
496 1297 592 1360 honor
615 1295 772 1372 debeatur,
797 1297 908 1377 quibus
939 1297 1076 1372 affectus,
1101 1298 1215 1380 quibus
1240 1316 1286 1360 re·

322 1395 501 1469 «verentia,
520 1393 630 1474 quibus
654 1393 759 1469 timor,
781 1395 891 1475 quibus
915 1396 1095 1471 consolatio,
1110 1396 1224 1477 quibus
1237 1394 1286 1459 ad-

321 1517 339 1552 «
354 1492 494 1566 monitio,
512 1491 623 1572 quibus
646 1491 830 1567 cohortatio,
848 1493 959 1574 quibus
983 1493 1154 1575 disciplina,
1172 1494 1286 1574 quibus

321 1590 519 1674 «objuratio,
556 1589 667 1670 quibus
698 1590 892 1672 supplicium,
917 1591 1023 1655 sedulo
1056 1591 1162 1667 doces3
1186 1591 1286 1656 osten·

321 1714 338 1748 «
355 1689 428 1753 dens
452 1686 710 1769 quemadmodum
727 1690 758 1751 et
776 1707 836 1752 nou
855 1689 996 1754 omnibus
1014 1690 1128 1765 omnia,
1142 1690 1173 1752 11
1189 1689 1287 1754 omni·

321 1812 338 1846 ‹<
353 1787 411 1851 bus
435 1786 580 1857 charitas,
605 1785 636 1848 et
659 1785 738 1848 nulli
762 1787 910 1850 debeatur
932 1787 1057 1868 injuria.
1075 1811 1092 1844 >›
1119 1825 1164 1831 -
1187 1787 1285 1850 Idem-

318 1904 375 1965 que
399 1883 459 1946 alio
482 1883 550 1947 loco
585 1881 666 1946 male
698 1883 852 1965 sapientes
886 1883 1108 1965 reprehendens
1142 1884 1285 1966 politicos

317 1981 529 2064 philosophos:
551 1977 643 2058 «Qui
667 1979 839 2044 doctrinam
865 1979 981 2044 Christi
998 1981 1160 2044 adversam
1177 1981 1286 2046 dicunt

321 2097 418 2142 «1111
446 2077 640 2160 reipublicae,
666 2077 739 2141 dent
767 2079 934 2142 exercitum
969 2080 1074 2154 talem,
1099 2079 1206 2160 quales
1235 2079 1286 2143 do·

321 2176 452 2239 «ctrina
477 2173 591 2238 Christi
615 2195 679 2239 esse
703 2175 819 2240 milites
839 2176 945 2258 jussit,
963 2177 1036 2240 deut
1060 2178 1139 2241 tales
1162 2177 1286 2260 provin·

321 2299 338 2332 «
354 2273 456 2349 cialcs,
481 2273 560 2336 tales
583 2273 723 2348 maritos,
745 2273 824 2338 11111
848 2275 1003 2358 coniuges,
1027 2275 1107 2339 tales
1130 2277 1284 2356 parentes,

320 2371 432 2434 «tales
455 2369 545 2445 filios,
570 2370 649 2433 tales
673 2370 822 2447 dominos,
846 2371 926 2435 tales
949 2390 1062 2448 servos,
1083 2372 1162 2435 11111
1185 2389 1283 2456 reges,

320 2467 432 2530 «tales
463 2467 593 2551 judicer,
618 2468 697 2532 tales
721 2468 850 2550 denique
885 2469 1059 2533 debitorum
1093 2471 1190 2552 ipsius
1218 2468 1283 2534 fisci

321 2591 338 2624 ‹<
353 2564 523 2629 redditores
536 2568 567 2629 et
580 2568 746 2641 exactores,
771 2568 877 2648 quales
897 2587 960 2632 1111
977 2568 1126 2650 praecipit
1143 2567 1283 2632 doctrina

321 2663 531 2739 «christiana,
549 2665 580 2727 et
596 2663 731 2728 audeaut
755 2683 822 2728 eam
846 2665 944 2729 dicere
968 2665 1131 2729 adversam
1146 2684 1212 2728 esse
1225 2665 1283 2730 rei·

320 2785 337 2820 «
354 2761 508 2843 publicae,
520 2761 615 2825 immo
640 2781 712 2826 vcro
729 2781 789 2825 nou
806 2761 948 2826 dubitent
972 2782 1041 2826 eam
1064 2762 1204 2826 confiteri
1220 2783 1283 2826 ma-

320 2884 337 2918 «
353 2878 457 2944 gnam,
486 2859 511 2923 11
536 2859 773 2941 obtemperetur,
798 2860 929 2924 salutem
958 2879 1022 2924 esse
1049 2860 1279 2942 reipublicae.»

315 2957 456 3021 —Fuit
490 2957 656 3038 aliquando
690 2959 822 3040 tempus,
847 2977 918 3021 cum
942 2957 1118 3042 evangelica
1146 2957 1282 3040 philoso-

315 3055 388 3138 phia
404 3055 591 3138 gubernaret
615 3055 776 3118 civitates:
803 3073 861 3136 quo
878 3057 1015 3138 tempore
1031 3055 1218 3126 christianae
1234 3075 1282 3120 sa-

315 3153 449 3235 pientiae
476 3153 523 3216 vis
554 3153 664 3217 111111
689 3153 793 3217 divina
829 3153 929 3218 virtus
952 3153 983 3216 in
1006 3153 1090 3237 leges
1123 3153 1280 3228 instituta,

315 3269 415 3316 mores
439 3251 632 3334 populorum,
650 3252 681 3314 in
705 3269 811 3315 omnes
833 3251 1020 3334 reipublicae
1043 3250 1163 3315 ordines
1185 3251 1282 3316 ratio·

315 3366 427 3428 resque
450 3350 683 3430 penetraverat:
708 3367 779 3412 cum
802 3347 912 3431 religio
928 3368 981 3431 per
996 3349 1014 3413 .]
1020 3367 1107 3412 esum
1123 3345 1281 3412 Christum

315 3445 461 3509 instituta
488 3446 521 3508 in
553 3463 598 3522 eo,
623 3465 683 3528 quo
715 3463 848 3526 aequum
883 3448 960 3523 erat,
985 3445 1148 3528 dignitatis
1181 3444 1280 3528 gradu

315 3541 445 3606 firmiter
468 3543 629 3620 collocata,
654 3544 757 3628 gratia
789 3543 962 3626 principum
992 3543 1195 3627 legitimaque
1219 3562 1281 3607 ma-

314 3641 506 3722 gistratuum
540 3641 640 3704 tutela
674 3641 788 3722 ubique
818 3640 956 3705 floreret:
981 3661 1052 3704 cum
1075 3639 1279 3706 sacerdotium
