2758 4270
286 255 351 302 GAP.
375 255 404 301 V·
429 255 468 302 DE
492 255 646 303 MONACHIS
670 257 707 302 ET
730 255 945 304 REOULAEIBUS
1047 255 1102 309 277

124 451 221 515 tibus
236 470 388 526 concessa,
403 451 599 536 indulgentia
622 452 748 534 ipsimet
771 452 952 536 professioni
973 452 1100 518 adnexa.

125 585 172 594 —
198 549 239 631 d)
262 548 289 612 A
314 550 437 632 proprio
462 549 586 616 Ordinis
610 550 765 642 Praelata
782 552 865 615 intra
887 551 1005 616 limites
1028 571 1101 616 suaa

126 646 313 729 potestatis,
338 666 390 728 per
421 649 545 723 11111
575 666 629 729 per
659 648 748 724 alios,
773 648 894 713 absolvi
925 651 1056 732 possunt
1083 669 1101 714 a

125 745 311 818 reservatis,
325 745 406 808 sicut
422 746 547 828 ipsimet
562 745 702 828 professi
714 783 758 792 -
775 748 806 821 c)
823 745 872 810 Ab
888 746 994 812 eodem
1010 747 1100 812 Prae

122 843 196 906 lato
176 861 329 906 ecorum
354 844 439 919 vota,
456 843 568 908 saltem
593 861 655 907 non
679 845 846 920 reservata,
864 842 1034 926 dispensari
1050 845 1100 908 vel

122 941 321 1004 commutari
345 941 548 1050 11111111.-
507 939 600 1023 -0
623 939 750 1005 Praelat
736 943 788 1006 tus
811 941 974 1024 religiosus
997 943 1100 1024 potest

122 1037 231 1101 ctiam
255 1057 326 1100 cum
357 1037 496 1112 novitiis,
521 1057 616 1118 quum
641 1037 673 1102 id
704 1039 835 1102 necessit
836 1057 870 1102 as
893 1039 1075 1148 postulat,
1068 1057 1100 1102 ιιι
1152 1094 1155 1102 .

125 1135 290 1198 Ecclesiae
307 1135 478 1216 praeceptis
501 1135 686 1217 dispensare,
703 1136 763 1199 ut
756 1155 786 1198 ru
803 1136 935 1210 ieiuniis,
953 1136 984 1199 in
1001 1136 1101 1200 obser·

125 1233 261 1296 vatione
295 1233 457 1309 festorum,
493 1233 524 1297 iu
560 1233 740 1298 recitatione
776 1233 874 1297 divini
908 1233 1020 1298 Officii.
1055 1271 1100 1282 --

122 1331 163 1412 p)
190 1329 318 1394 Novitii
341 1329 470 1394 Ordines
492 1331 625 1414 recipcre
655 1332 787 1413 possunt
819 1331 858 1394 ab
885 1331 1036 1414 Episcopo
1067 1332 1099 1396 in

124 1429 223 1492 cuius
247 1427 379 1491 dioecesi
403 1428 500 1492 situm
524 1430 572 1492 est
595 1429 788 1511 probationis
810 1430 1099 1494 monasterium.—

124 1526 162 1603 lr)
189 1526 338 1608 Exempti
369 1527 443 1589 suut
466 1527 505 1589 ab
533 1525 688 1590 Ordinarii
716 1527 937 1602 iurisdictione,
961 1527 1098 1609 adeoque

122 1643 240 1688 eorum
264 1622 467 1687 confessarius
491 1623 633 1706 Episcopi
656 1624 878 1707 approbatione
898 1642 956 1688 non
980 1624 1098 1708 indiget

123 1721 166 1786 ad
183 1739 241 1786 eos
257 1721 469 1794 absolvendos,
486 1723 582 1785 etiam
607 1741 625 1785 a
649 1723 772 1786 casibus
787 1723 827 1786 ab
839 1724 988 1804 Episcopo
1004 1742 1099 1787 reser-

126 1821 216 1883 vatis
232 1843 250 1876 »
278 1819 411 1900 (Piatus,
430 1817 540 1882 Praei.
558 1820 627 1882 Iar.
645 1819 750 1903 Rea).

171 1917 253 1980 823.
278 1953 323 1962 -
346 1917 450 1981 Varla.
465 1951 510 1962 -
534 1917 569 1980 [n
593 1917 737 1981 domibus
761 1919 934 1982 novitiatus
957 1919 1096 2003 religiosi

123 2014 322 2096 exemplares
353 2015 477 2078 omniuo
508 2015 581 2078 sint
606 2015 687 2079 Hinc
713 2017 911 2080 Innocentius
935 2017 997 2079 XII
1024 2041 1041 2074 «
1064 2018 1096 2080 iu

125 2113 249 2177 virtute
276 2113 401 2176 sauctae
433 2112 626 2176 obedieutiae
657 2113 808 2195 praecipit
831 2113 977 2196 praefatis
1001 2113 1097 2196 Supe-

121 2209 274 2286 rioribus,
300 2209 339 2273 ad
367 2227 444 2291 quos
468 2210 612 2291 pertinet,
636 2211 728 2273 utin
757 2211 942 2293 supradictis
968 2229 1097 2276 conven-

125 2308 216 2374 tibus
247 2327 308 2372 ncn
338 2307 490 2395 collocent
517 2307 577 2371 nisi
608 2308 771 2391 religiosos
802 2327 923 2392 graves,
955 2307 1094 2384 devotos,

122 2405 329 2486 exemplares,
347 2405 500 2488 regularis
517 2405 741 2481 observantiae,
759 2408 790 2470 et
806 2407 954 2488 puritatis
970 2406 1096 2489 regulae

123 2503 299 2579 studiosos,
324 2503 458 2566 crationi
490 2503 672 2585 pracsertim
704 2523 739 2566 ac
763 2503 1005 2578 mortificationi,
1031 2504 1095 2568 sinc

125 2601 243 2682 quibua
267 2619 328 2664 nou
359 2601 461 2682 potest
484 2601 630 2683 religiosa
654 2601 719 2665 vita
742 2603 918 2677 consistere,
943 2602 1094 2678 addictos,

122 2699 242 2780 quique
259 2699 454 2762 consentiant
478 2699 583 2762 exacte
603 2717 725 2762 servare
742 2700 840 2764 vitam
863 2718 1059 2764 communem
1072 2723 1090 2757 ι»

12 2851 13 2856 ,
123 2797 311 2878 (Decretum
332 2795 567 2870 Sanctissimae,
587 2796 717 2860 1811111
737 2797 832 2873 1695,
851 2796 933 2860 Bull.
948 2795 1021 2878 Cap.
1039 2797 1092 2870 VI,

12 2957 13 2960 ,
125 2893 220 2976 456).
246 2893 288 2957 Et
303 2893 334 2958 S.
352 2892 385 2956 O.
404 2893 464 2956 EE.
482 2895 514 2956 et
530 2893 597 2956 RE.
612 2894 655 2956 20
678 2893 767 2958 Febr.
784 2894 867 2956 1861
888 2895 918 2956 in
936 2894 1093 2958 animadv.

11 3003 13 3012 ’
124 2990 157 3054 iu
187 2991 316 3056 constit.
341 2991 504 3054 cuiusdam
539 2991 703 3073 religiosae
726 3011 870 3076 congreg.
904 2991 1091 3056 declaravit:

131 3087 226 3151 «Nec
244 3087 405 3169 expediens
434 3087 556 3150 videtur
572 3105 693 3151 sorores
716 3089 884 3170 culpabiles
902 3089 939 3153 ob
963 3106 1094 3169 poenam

11 3181 13 3268 3
123 3185 158 3248 iu
171 3185 364 3250 novitiatum
375 3185 471 3248 mitti:
489 3185 520 3248 id
533 3185 614 3248 enim
629 3186 809 3250 scandalum
823 3187 929 3250 afferre
942 3185 1046 3268 potest
1061 3209 1092 3248 1

11 3273 13 3368 3
171 3284 304 3346 821-
260 3282 727 3366 —MagistriNovitiorumut
728 3283 1093 3366 incupossuntscieutia

11 3369 13 3456 3
125 3383 327 3446 confessionis
351 3383 390 3446 ad
419 3384 528 3446 votum
559 3381 686 3446 Neritio
710 3383 836 3466 indigno
868 3381 1092 3465 denegandum

11 3447 15 3568 3
128 3477 253 3543 Etenim
278 3477 419 3544 Clemens
443 3479 530 3556 VI‚II
473 3479 597 3544 ldie
622 3481 663 3542 26
688 3480 764 3544 Μ111
791 3481 886 3556 1593,
903 3479 1091 3544 declaravit:

11 3550 14 3652 3
131 3599 150 3634 ‹
165 3576 245 3640 Tam
270 3575 447 3687 Superiores
470 3595 524 3658 pro
548 3579 686 3658 tempore
710 3578 884 3655 existentes,
909 3597 1002 3658 quam
1027 3595 1093 3641 con-

11 3665 13 3750 3
129 3672 259 3752 fossarii,
278 3675 331 3756 qui
346 3675 386 3739 ad
410 3674 617 3758 Superioritat
583 3677 645 3740 111
666 3676 799 3759 gradum
816 3675 931 3740 fuerint
947 3675 1093 3759 promoti,
