2818 4276
283 161 335 218 152
413 165 587 214 ueneratus
611 167 650 214 DE
673 140 865 214 asennaeum
887 165 1122 213 IURISDICTIONIS

325 357 401 420 451.
427 395 467 405 -
492 358 533 422 ll.
559 357 738 424 cardinales
769 360 921 424 nominati
951 359 1016 424 iam
1046 360 1247 424 inveniuntur

278 456 319 520 ab
342 475 421 521 anno
446 457 522 533 324,
547 457 578 522 in
604 457 727 540 Synodo
752 458 891 523 Romana
915 459 984 540 posi
1016 457 1245 522 conversionem

279 553 476 619 Constantini
492 573 510 618 a
527 554 559 620 S.
575 555 732 638 sylvestro
744 555 898 620 celebrata
929 550 950 632 ¹,
979 555 1010 619 in
1036 574 1097 636 qua
1115 555 1249 639 legitur:

278 651 311 714 A
334 650 522 716 subdiacono
546 653 710 732 usquead
741 651 882 717 lectorem
913 673 1018 716 omues
1041 653 1164 716 subditi
1186 653 1252 716 sict

278 746 423 812 Diacono
452 745 629 812 Cardinuli.
655 751 809 816 Dicuntur
844 747 1032 814 Cardinalcs
1055 751 1122 814 sive
1145 751 1254 814 incar·

279 843 384 908 direnti
406 845 437 910 S.
463 846 554 912 Rom.
585 846 750 924 Ecclesiae,
783 848 856 930 quia
879 848 955 911 haec
978 848 1027 910 est
1050 847 1145 912 cardo
1171 847 1252 910 eirca

281 961 373 1024 quem
398 945 540 1008 versatur
563 945 630 1008 tcta
655 941 817 1010 Catholica
840 944 977 1008 Ecclesia
1002 940 1024 1006 ²,

328 1187 338 1223 ¹
358 1189 500 1260 Eugenius
513 1191 552 1245 IV
566 1189 606 1256 (C.
621 1193 687 1246 Noa
699 1193 837 1256 mediocri,
858 1209 902 1245 an.
926 1189 1005 1257 1438)
1024 1189 1163 1259 originem
1186 1189 1252 1244 Oar-

282 1279 420 1334 dinaliunr
433 1298 449 1334 a
461 1280 486 1334 S.
499 1281 581 1335 Petro
594 1281 776 1350 repetendam
788 1281 896 1334 docuit:
913 1279 996 1334 “Etsi
1008 1280 1089 1332 huius
1098 1279 1252 1348 dignitatis

284 1369 395 1432 nomen,
416 1370 490 1438 quod
511 1371 591 1424 modo
611 1371 641 1423 in
659 1388 710 1424 usu
731 1374 782 1434 est,
803 1372 839 1424 ab
858 1369 940 1424 initio
962 1371 1127 1438 primitivae
1155 1370 1253 1423 Eccle-

284 1458 343 1512 siae
356 1477 412 1514 ncn
428 1460 470 1512 ita
483 1477 645 1527 expressum
659 1460 722 1521 fuit,
737 1455 860 1514 officium
874 1463 971 1513 tamen
987 1459 1079 1528 ipsum
1093 1477 1111 1512 a
1124 1459 1155 1512 B.
1168 1459 1252 1514 Petro

283 1547 400 1617 eiusque
420 1549 626 1603 successoribus
645 1549 809 1603 institutum
829 1549 975 1603 evidenter
994 1549 1131 1603 invenies.
1153 1550 1252 1612 immo,

284 1641 316 1690 nt
334 1637 428 1705 inquit
448 1639 628 1693 innocentius
648 1639 698 1698 ΙΙΙ,
717 1656 751 1692 ex
771 1639 861 1692 veteri
881 1638 1074 1704 Testamenta
1094 1639 1173 1692 iussn
1190 1638 1253 1701 Dei,

283 1727 372 1780 traxit
391 1727 547 1796 originem3
575 1729 676 1782 asserit
695 1729 769 1782 enim
789 1728 818 1781 id
838 1729 912 1796 quod
932 1728 1082 1782 Deuteren.
1105 1727 1185 1780 XVII
1210 1727 1256 1780 di·

283 1815 365 1878 citur,
386 1819 424 1882 ut,
445 1834 494 1884 pro
515 1813 683 1871 difficultate
703 1822 731 1870 et
751 1817 939 1885 arnbiguitate
964 1816 1071 1872 iudicii,
1099 1817 1255 1870 accedatur

284 1904 319 1957 ad
341 1905 500 1959 sacerdotes
520 1905 642 1961 Leviticl
659 1905 770 1974 generis
800 1909 829 1960 ct
856 1906 978 1959 iudicem
1008 1906 1056 1973 qui
1084 1905 1173 1958 fuerit
1201 1905 1255 1960 illo

284 1997 420 2060 tempore,
441 1997 469 2047 et
489 1993 637 2048 obediatur
656 1994 781 2061 ipsorum
800 1993 912 2056 iudicio,
938 1993 987 2061 qui
1016 1996 1153 2060 praesunt
1182 1993 1255 2056 loco,

285 2099 369 2150 quern
389 2082 524 2136 Dominus
544 2084 670 2152 elegerit,
690 2084 724 2137 de
745 2083 860 2137 Summo
880 2081 1015 2137 Pontifice
1033 2083 1254 2151 intelligendum

284 2188 346 2226 esse
366 2175 394 2226 et
414 2172 549 2226 fratribus
570 2173 638 2238 eius,
658 2173 749 2226 idest
769 2173 795 2226 S.
816 2173 849 2225 E.
869 2172 899 2224 E.
915 2171 1121 2238 Cardinalibus,
1149 2173 1198 2240 qui
1217 2172 1255 2236 ei,

285 2261 345 2315 iure
364 2262 497 2327 Levitico,
517 2263 547 2315 in
567 2263 732 2317 executione
752 2261 935 2315 sacerdotalis
961 2257 1046 2316 officii
1074 2261 1254 2316 coadiutores

284 2352 420 2406 existunt.
441 2353 541 2421 ltaque
561 2357 590 2407 et
613 2355 647 2406 ab
676 2353 790 2406 exordio
819 2353 971 2416 Ecclesiae,
1001 2353 1075 2406 sicut
1102 2355 1132 2406 et
1160 2353 1254 2418 hodie,

287 2441 400 2494 Summo
421 2441 550 2496 Pontifici
570 2443 599 2495 in
619 2443 752 2510 regenda,
772 2443 1012 2510 gubernandaquc
1027 2441 1182 2496 universali
1202 2442 1255 2495 Ee·

285 2530 373 2584 clesia
393 2531 572 2585 assistebant.
593 2532 630 2585 Et
648 2535 680 2584 ut
700 2549 733 2584 ex
753 2531 871 2585 concilio
892 2530 1031 2598 Stephani
1051 2530 1146 2598 Papae
1175 2531 1255 2586 colli-

285 2619 363 2690 gitur
382 2620 517 2673 dicentis:
538 2621 693 2688 Oportebat
712 2625 744 2674 ut
763 2621 833 2673 haec
852 2624 1034 2674 sacrosancta
1058 2620 1174 2674 domina
1200 2621 1254 2674 Rc-

286 2727 372 2764 mana
392 2709 526 2774 Ecclesia,
546 2709 626 2763 iuxta
646 2710 720 2778 quod
740 2727 757 2762 a
775 2709 806 2762 B.
828 2709 909 2764 Petro
930 2709 1030 2762 eteius
1046 2709 1253 2762 successoribus

286 2800 450 2854 institutum
469 2803 521 2862 est,
541 2800 595 2852 rito
615 2799 800 2862 ordinaretur,
821 2798 897 2852 etin
925 2797 1102 2866 apostolatus
1130 2797 1254 2852 culmine

286 2907 357 2944 unus
378 2891 412 2942 de
433 2887 628 2944 cardinalibus
641 2888 813 2956 presbyteris
825 2891 875 2941 aut
888 2887 1014 2942 diaconis
1031 2891 1253 2950 consecraretur,

286 2980 370 3034 datur
389 2979 543 3034 manifeste
561 2978 694 3046 intelligi,
715 2979 765 3032 hos
786 2977 889 3032 fratres
910 2982 1021 3032 nostros
1036 2978 1084 3045 qui
1098 2977 1172 3031 inter
1188 2976 1256 3030 Car·

285 3070 396 3124 dinales
416 3070 554 3133 locantur,
574 3072 700 3136 tompore
720 3069 751 3120 Β.
772 3067 847 3121 Petri
868 3065 996 3121 extitisse
1015 3108 1036 3132 ,.

330 3156 342 3193 ²
361 3159 415 3215 Leo
435 3159 502 3212 Xill
522 3158 622 3222 (Alios.
649 3157 703 3214 Ubi
722 3160 849 3226 primum,
869 3157 903 3210 28
923 3156 1020 3210 Martii
1041 3155 1120 3221 1878)
1136 3156 1206 3209 haec
1220 3155 1255 3210 de

288 3266 401 3304 munere
421 3253 450 3303 et
469 3248 611 3318 dignitate
630 3246 822 3301 Cardinalium
836 3247 924 3300 dixit:
948 3245 958 3269 “
976 3247 1009 3300 ln
1022 3247 1066 3299 his
1082 3249 1177 3300 autem
1192 3263 1255 3314 par·

285 3340 362 3394 tibus
382 3337 533 3392 Ministerii
551 3336 650 3391 Nostri
669 3336 814 3401 obeundis,
837 3336 995 3400 consilium,
1025 3333 1255 3404 sapientiamque

287 3427 418 3482 Vestram
438 3427 527 3482 Nobis
546 3445 603 3482 non
623 3426 786 3480 defuturam
806 3425 981 3490 confidimus,
1010 3429 1040 3479 et
1058 3427 1090 3478 ut
1108 3441 1254 3492 nunquam

284 3517 369 3575 desit,
389 3517 570 3572 vehementer
590 3517 756 3582 exoptamus
776 3529 809 3567 ac
829 3512 967 3581 petimus:
987 3511 1062 3581 quod
1081 3511 1196 3580 quidem
1213 3511 1256 3565 ita

284 3624 305 3658 a
326 3605 410 3659 Vobis
431 3603 521 3672 accipi
540 3603 678 3667 volumus,
697 3605 804 3656 utnon
824 3595 910 3656 officii
935 3601 1038 3666 studio,
1067 3599 1116 3654 sed
1142 3616 1193 3668 pro
1213 3615 1258 3654 sc·
