2758 4270
245 257 310 304 OAP·
336 257 364 302 V.
389 257 428 304 DE
453 257 608 304 monronis
631 257 669 304 ET
693 257 909 306 secundamus
1010 255 1062 310 307

86 457 372 540 appellationibus:
405 455 613 540 «Praecipue
644 475 716 520 vero
748 456 804 520 boc
835 457 865 520 in
897 456 1063 542 Religiosis

89 555 240 619 volumus
264 555 431 630 observari,
448 573 486 618 ne
501 554 652 637 Religiosi
664 573 734 616 cum
750 553 923 636 proaliquo
940 573 1064 619 excessu

86 653 209 716 fuerint
232 652 415 734 corrigendi,
444 653 551 716 contra
583 651 757 734 regularem
789 651 927 716 Praelati
954 652 1002 716 sui
1033 653 1065 715 et

86 749 225 831 capituli
249 749 442 831 disciplinam
467 747 623 831 appellare
646 750 856 830 praesumant,
880 749 933 812 sed
962 748 1065 812 humi-

87 847 164 910 liter
188 867 226 910 ac
249 847 360 910 devote
383 847 555 928 suscipiant
580 847 662 928 quod
686 865 741 928 pro
765 847 867 910 salute
890 866 947 910 sua
970 845 1065 910 fuerit

87 944 210 1009 eisdem
235 945 407 1008 iniunctum
423 969 454 1007 ›.
479 944 520 1008 Et
544 944 583 1008 ad
607 945 736 1008 formam
755 964 822 1026 cap.
840 945 896 1008 Ad
913 949 1064 1021 noctram,

88 1043 127 1106 de
141 1043 417 1124 appellationibus,
429 1043 486 1106 ibi:
504 1042 718 1106 ‹Mandemus
731 1045 894 1124 quatenus,
906 1042 1064 1124 siquando
1081 1065 1084 1068 ·

88 1141 226 1222 quilibet
250 1139 444 1204 subditorum
460 1142 587 1204 tuorum
604 1139 643 1203 ad
660 1141 829 1204 remedium
847 1141 1065 1222 appellationis

88 1237 316 1311 convolaverit,
341 1257 402 1302 non
425 1237 492 1302 ideo
515 1238 618 1301 minus
635 1257 705 1300 eum
722 1238 809 1302 iuxta
825 1239 963 1302 tenorem
979 1257 1065 1302 man·

88 1336 159 1400 dati
186 1336 270 1417 quod
292 1336 324 1399 in
348 1336 504 1417 praedicta
528 1336 636 1419 regula
652 1336 827 1399 continetur
842 1337 874 1398 et
890 1335 1065 1400 institutio·

89 1454 160 1498 nem
179 1433 314 1508 Ordinis,
331 1434 467 1514 corrigas
482 1434 514 1495 et
529 1433 663 1515 castiges
680 1458 711 1494 e.
728 1433 785 1495 Die
804 1433 842 1496 ll
865 1433 945 1496 Iunii
967 1433 1062 1495 1754.

135 1534 216 1596 906.
241 1567 283 1578 -
308 1533 556 1598 transformatio
589 1533 795 1598 conventuum
829 1533 860 1596 in
892 1532 1062 1613 hospitalia

87 1633 237 1712 tempore
263 1631 412 1712 contagii.
430 1667 473 1676 -
488 1629 640 1694 chinm.
657 1630 772 1694 Utrum
789 1630 828 1692 ad
844 1629 1063 1694 consulendum

88 1728 191 1792 saluti
215 1728 356 1809 publicae
379 1729 411 1791 in
434 1729 473 1792 iis
496 1727 572 1792 locis
594 1728 625 1791 in
658 1728 770 1808 quibus
799 1729 927 1792 morbus
957 1729 1066 1793 conta·

89 1827 202 1910 giosus
230 1826 396 1907 irrepserit,
429 1826 625 1890 annuendum
657 1827 699 1889 sit
730 1825 968 1910 magistratibus
1003 1844 1065 1890 una

9 1995 10 1998 Ἴ
89 1943 161 1987 cum
191 1924 349 2006 Episcopis
372 1924 548 2006 petentibus
571 1924 754 1987 facultatem
781 1923 889 1988 utendi
920 1923 1063 1988 domibus

89 2023 256 2105 religiosis,
281 2025 318 2085 ut
341 2023 371 2085 in
396 2023 439 2085 eis
466 2022 635 2104 hospitalia
664 2022 922 2086 constituantur?
957 2057 994 2068 -
1026 2021 1061 2084 ln

89 2121 332 2205 congregatione
356 2121 413 2184 sub
437 2119 485 2183 die
510 2120 552 2182 24
581 2119 718 2203 Augusti
751 2119 846 2193 1835,
879 2119 1060 2201 rescriptum

90 2219 151 2284 fuit
178 2218 377 2294 affirmative,
402 2217 568 2288 dummodo
592 2236 650 2280 non
674 2216 757 2280 adsit
780 2216 860 2280 alius
883 2217 969 2282 locus
995 2216 1063 2280 ido-

90 2337 167 2382 neus
186 2336 240 2398 pro
253 2316 459 2397 hospitalibus
471 2315 705 2389 constituendis,
719 2317 751 2378 et
767 2314 967 2398 designentur
982 2313 1062 2378 aliae

89 2415 205 2479 domus
228 2413 364 2476 eiusdem
390 2413 438 2476 vel
461 2413 590 2476 alterius
613 2411 745 2486 Ordinis,
773 2412 804 2474 in
836 2411 948 2492 quibus
978 2411 1063 2476 Reli·

90 2512 171 2594 giesi
208 2511 340 2572 durante
374 2509 557 2574 necessitate
591 2509 788 2590 recipiantur.
824 2509 869 2572 Ex
904 2509 1062 2574 audientia

89 2608 201 2678 o'Smi,
227 2608 275 2670 die
301 2607 343 2668 24
366 2606 503 2690 Augusti
522 2607 624 2669 1835:
642 2607 766 2670 SSmus
783 2605 891 2670 audita
914 2605 1062 2671 relatione

92 2706 269 2770 Cardinalis
285 2704 435 2768 Praefecti
459 2704 488 2768 S.
508 2707 541 2770 O.
559 2705 778 2786 Episcoporum
795 2707 827 2768 et
845 2705 1060 2788 Regularium,

8 2851 9 2854 η
91 2805 313 2868 resolutionem
338 2801 474 2866 eiusdem
499 2801 529 2866 S.
547 2801 580 2865 O.
597 2803 726 2885 benigne
742 2802 928 2883 adprobavit
943 2803 975 2864 et
990 2820 1062 2866 con-

91 2902 242 2966 firmavit.

137 3001 214 3064 907.
239 3035 283 3044 -
308 3000 481 3066 censurae.
509 3033 549 3045 -
572 2997 750 3062 Decretum.
779 3035 816 3045 -
842 2997 878 3061 ln
895 3015 988 3061 cause
1004 2996 1062 3060 Bo·

91 3117 196 3162 senen.
223 3099 455 3178 praetensarum
471 3115 668 3160 censurarum
688 3096 826 3158 vertente
841 3094 923 3158 inter
934 3095 1061 3158 fratrem

91 3196 239 3260 Ioannem
263 3193 461 3258 Franciscum
485 3194 626 3269 Pinnem,
651 3191 865 3258 Guardienum
893 3193 1062 3256 conventus

90 3292 249 3358 Minorem
272 3293 309 3355 de
332 3292 536 3356 Obseruantia
561 3291 666 3373 oppidi
691 3291 722 3354 S.
746 3290 874 3354 buxerii
889 3309 924 3353 er
940 3309 1012 3365 una,
1030 3293 1061 3354 et

92 3393 300 3473 promotorem
324 3390 460 3454 fiscalem
492 3391 595 3453 curiae
628 3389 820 3461 Bosanensis,
851 3388 1002 3470 partibus,
1026 3408 1061 3452 ex

91 3490 201 3564 altera,
227 3489 264 3552 de
288 3491 320 3551 et
335 3507 427 3569 super
439 3488 642 3569 infrascriptis
655 3486 756 3550 dubiis
772 3504 898 3567 nempe:
915 3523 956 3532 -
970 3486 999 3548 l.
1011 3485 1060 3550 Au

92 3587 263 3671 Reguleres
287 3586 423 3650 Minores
446 3584 668 3649 Obseruantiae
692 3583 796 3666 oppidi
821 3583 853 3648 S.
879 3583 1002 3647 Lurorii
1019 3585 1062 3647 te·

93 3687 224 3750 neantur
247 3685 397 3748 associare
420 3683 605 3766 Episcopum
630 3701 691 3746 una
715 3701 785 3744 oum
809 3681 890 3745 clero
911 3681 1062 3746 saeculari
