<?xml version="1.0" encoding="UTF-8"?>
<!DOCTYPE html PUBLIC "-//W3C//DTD XHTML 1.0 Transitional//EN"
    "http://www.w3.org/TR/xhtml1/DTD/xhtml1-transitional.dtd">
<html xmlns="http://www.w3.org/1999/xhtml" xml:lang="en" lang="en">
 <head>
  <title>
</title>
<meta http-equiv="Content-Type" content="text/html;charset=utf-8" />
  <meta name='ocr-system' content='tesseract 3.04.00' />
  <meta name='ocr-capabilities' content='ocr_page ocr_carea ocr_par ocr_line ocrx_word'/>
</head>
<body>
  <div class='ocr_page' id='page_1' title='image "./compendiumiuris00tutgoog_0230.png"; bbox 0 0 2750 4270; ppageno 0'>
   <div class='ocr_carea' id='block_1_1' title="bbox 321 219 1192 285">
    <p class='ocr_par' dir='ltr' id='par_1_1' title="bbox 321 219 1192 285">
     <span class='ocr_line' id='line_1_1' title="bbox 321 219 1192 285; baseline 0.025 -20"><span class='ocrx_word' id='word_1_1' title='bbox 321 219 385 268; x_wconf 79' lang='lat' dir='ltr'><strong>CAP.</strong></span> <span class='ocrx_word' id='word_1_2' title='bbox 409 221 441 268; x_wconf 85' lang='grc' dir='ltr'>ΙΙ.</span> <span class='ocrx_word' id='word_1_3' title='bbox 467 221 506 268; x_wconf 88' lang='lat' dir='ltr'>DE</span> <span class='ocrx_word' id='word_1_4' title='bbox 530 223 750 272; x_wconf 77' lang='lat' dir='ltr'>ELECTIONIBUS</span> <span class='ocrx_word' id='word_1_5' title='bbox 772 226 805 272; x_wconf 89' lang='lat' dir='ltr'>IN</span> <span class='ocrx_word' id='word_1_6' title='bbox 829 226 931 274; x_wconf 74' lang='lat' dir='ltr'>specle</span> <span class='ocrx_word' id='word_1_7' title='bbox 1052 231 1103 285; x_wconf 76' lang='lat'>221</span> <span class='ocrx_word' id='word_1_8' title='bbox 1189 257 1192 262; x_wconf 92' lang='lat'>·</span> 
     </span>
    </p>
   </div>
   <div class='ocr_carea' id='block_1_2' title="bbox 136 383 1104 611">
    <p class='ocr_par' dir='ltr' id='par_1_2' title="bbox 136 383 1104 611">
     <span class='ocr_line' id='line_1_2' title="bbox 137 383 1104 508; baseline 0.014 -25"><span class='ocrx_word' id='word_1_9' title='bbox 137 383 291 485; x_wconf 39' lang='lat' dir='ltr'>oasdam‘:</span> <span class='ocrx_word' id='word_1_10' title='bbox 314 442 385 487; x_wconf 88' lang='lat' dir='ltr'>cum</span> <span class='ocrx_word' id='word_1_11' title='bbox 408 425 587 491; x_wconf 88' lang='lat' dir='ltr'>huiusmodi</span> <span class='ocrx_word' id='word_1_12' title='bbox 610 426 780 508; x_wconf 85' lang='lat' dir='ltr'>postulatio</span> <span class='ocrx_word' id='word_1_13' title='bbox 804 425 948 492; x_wconf 86' lang='lat' dir='ltr'>rideatur</span> <span class='ocrx_word' id='word_1_14' title='bbox 963 449 1023 494; x_wconf 94' lang='lat' dir='ltr'>non</span> <span class='ocrx_word' id='word_1_15' title='bbox 1038 451 1104 498; x_wconf 88' lang='lat' dir='ltr'>essa</span> 
     </span>
     <span class='ocr_line' id='line_1_3' title="bbox 136 519 1103 611; baseline 0.012 -29"><span class='ocrx_word' id='word_1_16' title='bbox 136 519 282 598; x_wconf 85' lang='lat' dir='ltr'>discrete,</span> <span class='ocrx_word' id='word_1_17' title='bbox 299 524 446 603; x_wconf 89' lang='lat' dir='ltr'>quoniam</span> <span class='ocrx_word' id='word_1_18' title='bbox 469 525 595 606; x_wconf 88' lang='lat' dir='ltr'>propter</span> <span class='ocrx_word' id='word_1_19' title='bbox 617 524 732 588; x_wconf 88' lang='lat' dir='ltr'>laboris</span> <span class='ocrx_word' id='word_1_20' title='bbox 755 525 928 608; x_wconf 86' lang='lat' dir='ltr'>angustias,</span> <span class='ocrx_word' id='word_1_21' title='bbox 950 529 1007 591; x_wconf 89' lang='lat' dir='ltr'>aut</span> <span class='ocrx_word' id='word_1_22' title='bbox 1035 549 1103 611; x_wconf 88' lang='lat' dir='ltr'>per·</span> 
     </span>
    </p>
   </div>
   <div class='ocr_carea' id='block_1_3' title="bbox 15 620 1103 707">
    <p class='ocr_par' dir='ltr' id='par_1_3' title="bbox 15 620 1103 707">
     <span class='ocr_line' id='line_1_4' title="bbox 15 620 1103 707; baseline 0.007 -23"><span class='ocrx_word' id='word_1_23' title='bbox 15 681 16 684; x_wconf 74' lang='grc'>,</span> <span class='ocrx_word' id='word_1_24' title='bbox 136 620 305 684; x_wconf 73' lang='lat' dir='ltr'>secationis</span> <span class='ocrx_word' id='word_1_25' title='bbox 327 621 468 686; x_wconf 91' lang='lat' dir='ltr'>incursus</span> <span class='ocrx_word' id='word_1_26' title='bbox 492 641 549 688; x_wconf 93' lang='lat' dir='ltr'>non</span> <span class='ocrx_word' id='word_1_27' title='bbox 573 622 664 687; x_wconf 86' lang='lat' dir='ltr'>debet</span> <span class='ocrx_word' id='word_1_28' title='bbox 686 621 802 688; x_wconf 81' lang='lat' dir='ltr'>electus</span> <span class='ocrx_word' id='word_1_29' title='bbox 825 623 995 707; x_wconf 77' lang='lat' dir='ltr'>Episcopus</span> <span class='ocrx_word' id='word_1_30' title='bbox 1018 627 1103 692; x_wconf 88' lang='lat' dir='ltr'>dese-</span> 
     </span>
    </p>
   </div>
   <div class='ocr_carea' id='block_1_4' title="bbox 133 713 1102 1096">
    <p class='ocr_par' dir='ltr' id='par_1_4' title="bbox 133 713 1102 1096">
     <span class='ocr_line' id='line_1_5' title="bbox 134 713 1102 804; baseline 0.007 -23"><span class='ocrx_word' id='word_1_31' title='bbox 134 737 201 782; x_wconf 88' lang='lat' dir='ltr'>rere</span> <span class='ocrx_word' id='word_1_32' title='bbox 224 737 370 799; x_wconf 81' lang='lat' dir='ltr'>sponsam</span> <span class='ocrx_word' id='word_1_33' title='bbox 394 739 494 794; x_wconf 88' lang='lat' dir='ltr'>suam,</span> <span class='ocrx_word' id='word_1_34' title='bbox 518 721 568 785; x_wconf 90' lang='lat' dir='ltr'>oui</span> <span class='ocrx_word' id='word_1_35' title='bbox 592 720 783 804; x_wconf 84' lang='lat' dir='ltr'>defungendo</span> <span class='ocrx_word' id='word_1_36' title='bbox 806 717 889 802; x_wconf 84' lang='lat' dir='ltr'>apud</span> <span class='ocrx_word' id='word_1_37' title='bbox 923 713 1102 789; x_wconf 82' lang='lat' dir='ltr'>extraneum</span> 
     </span>
     <span class='ocr_line' id='line_1_6' title="bbox 135 815 1102 900; baseline 0.008 -22"><span class='ocrx_word' id='word_1_38' title='bbox 135 833 168 879; x_wconf 89' lang='lat' dir='ltr'>se</span> <span class='ocrx_word' id='word_1_39' title='bbox 191 815 294 880; x_wconf 88' lang='lat' dir='ltr'>media</span> <span class='ocrx_word' id='word_1_40' title='bbox 316 816 376 881; x_wconf 88' lang='lat' dir='ltr'>fide</span> <span class='ocrx_word' id='word_1_41' title='bbox 399 819 568 900; x_wconf 72' lang='lat' dir='ltr'>copulavit,</span> <span class='ocrx_word' id='word_1_42' title='bbox 592 818 690 884; x_wconf 89' lang='lat' dir='ltr'>scions</span> <span class='ocrx_word' id='word_1_43' title='bbox 713 817 794 899; x_wconf 87' lang='lat' dir='ltr'>quod</span> <span class='ocrx_word' id='word_1_44' title='bbox 820 818 939 883; x_wconf 76' lang='lat' dir='ltr'>«beati</span> <span class='ocrx_word' id='word_1_45' title='bbox 954 822 1028 884; x_wconf 87' lang='lat' dir='ltr'>sunt</span> <span class='ocrx_word' id='word_1_46' title='bbox 1054 821 1102 886; x_wconf 93' lang='lat' dir='ltr'>illi</span> 
     </span>
     <span class='ocr_line' id='line_1_7' title="bbox 134 914 1101 1000; baseline 0.008 -24"><span class='ocrx_word' id='word_1_47' title='bbox 134 914 188 994; x_wconf 85' lang='lat' dir='ltr'>qui</span> <span class='ocrx_word' id='word_1_48' title='bbox 203 915 445 995; x_wconf 73' lang='lat' dir='ltr'>persecutionem</span> <span class='ocrx_word' id='word_1_49' title='bbox 470 916 634 997; x_wconf 87' lang='lat' dir='ltr'>patiuntur</span> <span class='ocrx_word' id='word_1_50' title='bbox 656 916 781 997; x_wconf 91' lang='lat' dir='ltr'>propter</span> <span class='ocrx_word' id='word_1_51' title='bbox 803 915 958 980; x_wconf 86' lang='lat' dir='ltr'>iustitiam</span> <span class='ocrx_word' id='word_1_52' title='bbox 975 938 1011 980; x_wconf 80' lang='lat' dir='ltr'>»z</span> <span class='ocrx_word' id='word_1_53' title='bbox 1028 937 1101 1000; x_wconf 92' lang='lat' dir='ltr'>quo·</span> 
     </span>
     <span class='ocr_line' id='line_1_8' title="bbox 133 1010 1100 1096; baseline 0.008 -23"><span class='ocrx_word' id='word_1_54' title='bbox 133 1010 217 1074; x_wconf 90' lang='lat' dir='ltr'>niam</span> <span class='ocrx_word' id='word_1_55' title='bbox 231 1031 302 1074; x_wconf 86' lang='lat' dir='ltr'>cunr</span> <span class='ocrx_word' id='word_1_56' title='bbox 315 1012 437 1094; x_wconf 88' lang='lat' dir='ltr'>probati</span> <span class='ocrx_word' id='word_1_57' title='bbox 450 1012 574 1086; x_wconf 77' lang='lat' dir='ltr'>fuerint,</span> <span class='ocrx_word' id='word_1_58' title='bbox 587 1011 738 1094; x_wconf 88' lang='lat' dir='ltr'>accipient</span> <span class='ocrx_word' id='word_1_59' title='bbox 753 1029 897 1076; x_wconf 88' lang='lat' dir='ltr'>coronam</span> <span class='ocrx_word' id='word_1_60' title='bbox 910 1013 994 1078; x_wconf 87' lang='lat' dir='ltr'>vitae</span> <span class='ocrx_word' id='word_1_61' title='bbox 1006 1034 1100 1096; x_wconf 88' lang='lat' dir='ltr'>quam</span> 
     </span>
    </p>
   </div>
   <div class='ocr_carea' id='block_1_5' title="bbox 33 1109 1054 1198">
    <p class='ocr_par' dir='ltr' id='par_1_5' title="bbox 33 1109 1054 1198">
     <span class='ocr_line' id='line_1_9' title="bbox 33 1109 1054 1198; baseline 0.006 -28"><span class='ocrx_word' id='word_1_62' title='bbox 33 1175 42 1198; x_wconf 50' lang='grc'><strong>,</strong></span> <span class='ocrx_word' id='word_1_63' title='bbox 132 1109 311 1190; x_wconf 87' lang='lat' dir='ltr'>repromisit</span> <span class='ocrx_word' id='word_1_64' title='bbox 327 1110 410 1174; x_wconf 90' lang='lat' dir='ltr'>Deus</span> <span class='ocrx_word' id='word_1_65' title='bbox 430 1110 632 1193; x_wconf 83' lang='lat' dir='ltr'>diligentibus</span> <span class='ocrx_word' id='word_1_66' title='bbox 647 1129 679 1174; x_wconf 88' lang='lat' dir='ltr'>se</span> <span class='ocrx_word' id='word_1_67' title='bbox 703 1109 780 1191; x_wconf 81' lang='lat' dir='ltr'>(Cir.</span> <span class='ocrx_word' id='word_1_68' title='bbox 805 1109 963 1173; x_wconf 81' lang='lat' dir='ltr'>Decrctci.</span> <span class='ocrx_word' id='word_1_69' title='bbox 988 1111 1054 1196; x_wconf 69' lang='lat' dir='ltr'>it).</span> 
     </span>
    </p>
   </div>
   <div class='ocr_carea' id='block_1_6' title="bbox 126 1206 1100 2460">
    <p class='ocr_par' dir='ltr' id='par_1_6' title="bbox 128 1206 1100 1974">
     <span class='ocr_line' id='line_1_10' title="bbox 178 1206 1100 1283; baseline 0.01 -16"><span class='ocrx_word' id='word_1_70' title='bbox 178 1206 254 1268; x_wconf 83' lang='lat'>643.</span> <span class='ocrx_word' id='word_1_71' title='bbox 273 1243 315 1254; x_wconf 90' lang='lat'><em>-</em></span> <span class='ocrx_word' id='word_1_72' title='bbox 340 1207 419 1272; x_wconf 84' lang='lat' dir='ltr'>Rea.</span> <span class='ocrx_word' id='word_1_73' title='bbox 443 1207 515 1272; x_wconf 81' lang='lat' dir='ltr'><strong>IV·.</strong></span> <span class='ocrx_word' id='word_1_74' title='bbox 540 1207 574 1272; x_wconf 81' lang='lat' dir='ltr'>Si</span> <span class='ocrx_word' id='word_1_75' title='bbox 590 1225 659 1283; x_wconf 82' lang='lat' dir='ltr'>oms</span> <span class='ocrx_word' id='word_1_76' title='bbox 682 1224 743 1270; x_wconf 82' lang='lat' dir='ltr'>rus</span> <span class='ocrx_word' id='word_1_77' title='bbox 765 1223 970 1272; x_wconf 83' lang='lat' dir='ltr'>corrnrmrnu</span> <span class='ocrx_word' id='word_1_78' title='bbox 985 1227 1100 1276; x_wconf 76' lang='lat' dir='ltr'>rannu-</span> 
     </span>
     <span class='ocr_line' id='line_1_11' title="bbox 131 1303 1099 1390; baseline 0.005 -23"><span class='ocrx_word' id='word_1_79' title='bbox 131 1321 197 1367; x_wconf 82' lang='lat' dir='ltr'>num</span> <span class='ocrx_word' id='word_1_80' title='bbox 220 1305 271 1385; x_wconf 90' lang='lat' dir='ltr'>(eo</span> <span class='ocrx_word' id='word_1_81' title='bbox 295 1307 399 1370; x_wconf 87' lang='lat' dir='ltr'>tamen</span> <span class='ocrx_word' id='word_1_82' title='bbox 423 1307 546 1388; x_wconf 90' lang='lat' dir='ltr'>penitus</span> <span class='ocrx_word' id='word_1_83' title='bbox 568 1305 747 1390; x_wconf 79' lang='lat' dir='ltr'>ignorante)</span> <span class='ocrx_word' id='word_1_84' title='bbox 772 1303 870 1382; x_wconf 81' lang='lat' dir='ltr'>faerit</span> <span class='ocrx_word' id='word_1_85' title='bbox 891 1307 1099 1387; x_wconf 78' lang='lat' dir='ltr'>episcopatum</span> 
     </span>
     <span class='ocr_line' id='line_1_12' title="bbox 130 1399 1098 1485; baseline 0.006 -22"><span class='ocrx_word' id='word_1_86' title='bbox 130 1399 271 1480; x_wconf 81' lang='lat' dir='ltr'>adeptae,</span> <span class='ocrx_word' id='word_1_87' title='bbox 300 1404 332 1467; x_wconf 92' lang='lat' dir='ltr'>et</span> <span class='ocrx_word' id='word_1_88' title='bbox 354 1403 413 1468; x_wconf 89' lang='lat' dir='ltr'>hoc</span> <span class='ocrx_word' id='word_1_89' title='bbox 435 1403 593 1485; x_wconf 87' lang='lat' dir='ltr'>comperto</span> <span class='ocrx_word' id='word_1_90' title='bbox 629 1401 841 1484; x_wconf 88' lang='lat' dir='ltr'>episcopatum</span> <span class='ocrx_word' id='word_1_91' title='bbox 875 1402 978 1484; x_wconf 88' lang='lat' dir='ltr'>ipsum</span> <span class='ocrx_word' id='word_1_92' title='bbox 1003 1404 1040 1468; x_wconf 88' lang='lat' dir='ltr'>de</span> <span class='ocrx_word' id='word_1_93' title='bbox 1063 1406 1098 1469; x_wconf 93' lang='lat' dir='ltr'>li-</span> 
     </span>
     <span class='ocr_line' id='line_1_13' title="bbox 129 1499 1098 1583; baseline 0.005 -21"><span class='ocrx_word' id='word_1_94' title='bbox 129 1500 231 1564; x_wconf 88' lang='lat' dir='ltr'>centia</span> <span class='ocrx_word' id='word_1_95' title='bbox 257 1501 424 1582; x_wconf 89' lang='lat' dir='ltr'>superioris</span> <span class='ocrx_word' id='word_1_96' title='bbox 453 1501 625 1578; x_wconf 85' lang='lat' dir='ltr'>dimittens,</span> <span class='ocrx_word' id='word_1_97' title='bbox 650 1499 879 1565; x_wconf 84' lang='lat' dir='ltr'>observantiam</span> <span class='ocrx_word' id='word_1_98' title='bbox 904 1499 1032 1583; x_wconf 89' lang='lat' dir='ltr'>elegerit</span> <span class='ocrx_word' id='word_1_99' title='bbox 1054 1523 1098 1567; x_wconf 89' lang='lat' dir='ltr'>ro·</span> 
     </span>
     <span class='ocr_line' id='line_1_14' title="bbox 129 1596 1096 1682; baseline 0.005 -23"><span class='ocrx_word' id='word_1_100' title='bbox 129 1596 290 1680; x_wconf 74' lang='lat' dir='ltr'>gustarem:</span> <span class='ocrx_word' id='word_1_101' title='bbox 315 1600 346 1662; x_wconf 86' lang='lat' dir='ltr'>et</span> <span class='ocrx_word' id='word_1_102' title='bbox 369 1599 396 1662; x_wconf 87' lang='lat' dir='ltr'>si</span> <span class='ocrx_word' id='word_1_103' title='bbox 420 1598 460 1662; x_wconf 87' lang='lat' dir='ltr'>ad</span> <span class='ocrx_word' id='word_1_104' title='bbox 483 1598 695 1680; x_wconf 86' lang='lat' dir='ltr'>episcopatum</span> <span class='ocrx_word' id='word_1_105' title='bbox 719 1596 861 1660; x_wconf 88' lang='lat' dir='ltr'>eumdem</span> <span class='ocrx_word' id='word_1_106' title='bbox 890 1597 988 1662; x_wconf 89' lang='lat' dir='ltr'>redire</span> <span class='ocrx_word' id='word_1_107' title='bbox 1011 1601 1096 1682; x_wconf 77' lang='lat' dir='ltr'>post</span> 
     </span>
     <span class='ocr_line' id='line_1_15' title="bbox 129 1693 1096 1776; baseline 0.005 -20"><span class='ocrx_word' id='word_1_108' title='bbox 129 1693 258 1758; x_wconf 88' lang='lat' dir='ltr'>modum</span> <span class='ocrx_word' id='word_1_109' title='bbox 282 1697 424 1776; x_wconf 89' lang='lat' dir='ltr'>nequeat,</span> <span class='ocrx_word' id='word_1_110' title='bbox 449 1696 536 1760; x_wconf 83' lang='lat' dir='ltr'>iuxta</span> <span class='ocrx_word' id='word_1_111' title='bbox 559 1695 721 1760; x_wconf 88' lang='lat' dir='ltr'>canonicas</span> <span class='ocrx_word' id='word_1_112' title='bbox 745 1695 920 1759; x_wconf 82' lang='lat' dir='ltr'>sanctiones</span> <span class='ocrx_word' id='word_1_113' title='bbox 936 1695 975 1760; x_wconf 86' lang='lat' dir='ltr'>ad</span> <span class='ocrx_word' id='word_1_114' title='bbox 999 1696 1096 1761; x_wconf 87' lang='lat' dir='ltr'>alium</span> 
     </span>
     <span class='ocr_line' id='line_1_16' title="bbox 128 1792 1097 1876; baseline 0.004 -20"><span class='ocrx_word' id='word_1_115' title='bbox 128 1792 233 1856; x_wconf 87' lang='lat' dir='ltr'>tamen</span> <span class='ocrx_word' id='word_1_116' title='bbox 258 1795 373 1874; x_wconf 87' lang='lat' dir='ltr'>poterit</span> <span class='ocrx_word' id='word_1_117' title='bbox 395 1795 480 1858; x_wconf 91' lang='lat' dir='ltr'>licite</span> <span class='ocrx_word' id='word_1_118' title='bbox 503 1793 654 1858; x_wconf 86' lang='lat' dir='ltr'>reassumi</span> <span class='ocrx_word' id='word_1_119' title='bbox 678 1792 755 1875; x_wconf 82' lang='lat' dir='ltr'>(Cir.</span> <span class='ocrx_word' id='word_1_120' title='bbox 773 1792 815 1856; x_wconf 84' lang='lat' dir='ltr'>o.</span> <span class='ocrx_word' id='word_1_121' title='bbox 832 1814 857 1856; x_wconf 90' lang='lat' dir='ltr'>c.</span> <span class='ocrx_word' id='word_1_122' title='bbox 878 1794 943 1876; x_wconf 85' lang='lat'>11).</span> <span class='ocrx_word' id='word_1_123' title='bbox 959 1831 998 1840; x_wconf 97' lang='lat'><strong>—</strong></span> <span class='ocrx_word' id='word_1_124' title='bbox 1016 1795 1097 1860; x_wconf 86' lang='lat' dir='ltr'>Tota</span> 
     </span>
     <span class='ocr_line' id='line_1_17' title="bbox 128 1891 858 1974; baseline 0.001 -21"><span class='ocrx_word' id='word_1_125' title='bbox 128 1908 176 1954; x_wconf 88' lang='lat' dir='ltr'>res</span> <span class='ocrx_word' id='word_1_126' title='bbox 199 1891 314 1972; x_wconf 87' lang='lat' dir='ltr'>pendet</span> <span class='ocrx_word' id='word_1_127' title='bbox 337 1911 355 1956; x_wconf 89' lang='lat' dir='ltr'>a</span> <span class='ocrx_word' id='word_1_128' title='bbox 378 1893 481 1974; x_wconf 88' lang='lat' dir='ltr'>Papae</span> <span class='ocrx_word' id='word_1_129' title='bbox 505 1892 677 1967; x_wconf 83' lang='lat' dir='ltr'>voluntate,</span> <span class='ocrx_word' id='word_1_130' title='bbox 701 1891 738 1954; x_wconf 91' lang='lat' dir='ltr'>ut</span> <span class='ocrx_word' id='word_1_131' title='bbox 760 1893 816 1972; x_wconf 89' lang='lat' dir='ltr'>pat</span> <span class='ocrx_word' id='word_1_132' title='bbox 835 1892 858 1954; x_wconf 91' lang='lat' dir='ltr'>t.</span> 
     </span>
    </p>

    <p class='ocr_par' dir='ltr' id='par_1_7' title="bbox 126 1989 1094 2460">
     <span class='ocr_line' id='line_1_18' title="bbox 173 1989 1094 2054; baseline 0.004 -4"><span class='ocrx_word' id='word_1_133' title='bbox 173 1989 250 2051; x_wconf 86' lang='grc'><strong>644.</strong></span> <span class='ocrx_word' id='word_1_134' title='bbox 274 2027 316 2036; x_wconf 92' lang='grc'><strong>-</strong></span> <span class='ocrx_word' id='word_1_135' title='bbox 340 1989 439 2054; x_wconf 80' lang='lat' dir='ltr'>Nom.</span> <span class='ocrx_word' id='word_1_136' title='bbox 463 1991 488 2054; x_wconf 94' lang='grc' dir='ltr'>Ι.</span> <span class='ocrx_word' id='word_1_137' title='bbox 513 1990 766 2054; x_wconf 79' lang='lat' dir='ltr'>Muorsnnsrraus</span> <span class='ocrx_word' id='word_1_138' title='bbox 796 2006 835 2052; x_wconf 82' lang='lat' dir='ltr'>un</span> <span class='ocrx_word' id='word_1_139' title='bbox 858 2007 1028 2054; x_wconf 82' lang='lat' dir='ltr'>auunsrcns</span> <span class='ocrx_word' id='word_1_140' title='bbox 1058 2007 1094 2054; x_wconf 87' lang='lat' dir='ltr'>sn</span> 
     </span>
     <span class='ocr_line' id='line_1_19' title="bbox 127 2085 1093 2162; baseline 0.002 -13"><span class='ocrx_word' id='word_1_141' title='bbox 127 2103 280 2151; x_wconf 78' lang='lat' dir='ltr'>sensenna</span> <span class='ocrx_word' id='word_1_142' title='bbox 308 2104 406 2154; x_wconf 82' lang='lat' dir='ltr'>curus</span> <span class='ocrx_word' id='word_1_143' title='bbox 430 2105 525 2161; x_wconf 77' lang='lat' dir='ltr'>arcun,</span> <span class='ocrx_word' id='word_1_144' title='bbox 549 2088 645 2151; x_wconf 85' lang='lat' dir='ltr'>etiem</span> <span class='ocrx_word' id='word_1_145' title='bbox 668 2085 858 2150; x_wconf 88' lang='lat' dir='ltr'>Pontificatu</span> <span class='ocrx_word' id='word_1_146' title='bbox 881 2087 1028 2162; x_wconf 81' lang='lat' dir='ltr'>Maximo,</span> <span class='ocrx_word' id='word_1_147' title='bbox 1045 2089 1093 2151; x_wconf 86' lang='lat' dir='ltr'>uti</span> 
     </span>
     <span class='ocr_line' id='line_1_20' title="bbox 128 2182 1092 2264; baseline 0 -16"><span class='ocrx_word' id='word_1_148' title='bbox 128 2182 320 2250; x_wconf 77' lang='lat' dir='ltr'>Coelestinus</span> <span class='ocrx_word' id='word_1_149' title='bbox 352 2186 523 2250; x_wconf 87' lang='lat' dir='ltr'>declaravit</span> <span class='ocrx_word' id='word_1_150' title='bbox 545 2203 600 2248; x_wconf 90' lang='lat' dir='ltr'>suo</span> <span class='ocrx_word' id='word_1_151' title='bbox 625 2183 763 2264; x_wconf 83' lang='lat' dir='ltr'>exemplo</span> <span class='ocrx_word' id='word_1_152' title='bbox 791 2184 822 2247; x_wconf 87' lang='lat' dir='ltr'>et</span> <span class='ocrx_word' id='word_1_153' title='bbox 853 2182 1092 2260; x_wconf 82' lang='lat' dir='ltr'>Constitutione,</span> 
     </span>
     <span class='ocr_line' id='line_1_21' title="bbox 127 2279 1091 2365; baseline -0.002 -19"><span class='ocrx_word' id='word_1_154' title='bbox 127 2301 220 2364; x_wconf 87' lang='lat' dir='ltr'>quam</span> <span class='ocrx_word' id='word_1_155' title='bbox 237 2283 381 2364; x_wconf 85' lang='lat' dir='ltr'>probauit</span> <span class='ocrx_word' id='word_1_156' title='bbox 396 2283 573 2348; x_wconf 82' lang='lat' dir='ltr'>Bonisaoius</span> <span class='ocrx_word' id='word_1_157' title='bbox 589 2281 665 2344; x_wconf 78' lang='lat' dir='ltr'>VIII</span> <span class='ocrx_word' id='word_1_158' title='bbox 682 2279 770 2363; x_wconf 78' lang='lat' dir='ltr'>(Cap.</span> <span class='ocrx_word' id='word_1_159' title='bbox 787 2281 823 2344; x_wconf 79' lang='lat' dir='ltr'>oe</span> <span class='ocrx_word' id='word_1_160' title='bbox 835 2281 974 2345; x_wconf 85' lang='lat' dir='ltr'>Rcaaat.</span> <span class='ocrx_word' id='word_1_161' title='bbox 991 2282 1022 2344; x_wconf 92' lang='lat' dir='ltr'>in</span> <span class='ocrx_word' id='word_1_162' title='bbox 1047 2282 1091 2365; x_wconf 87' lang='lat'>6).</span> 
     </span>
     <span class='ocr_line' id='line_1_22' title="bbox 126 2380 1093 2460; baseline -0.001 -15"><span class='ocrx_word' id='word_1_163' title='bbox 126 2380 183 2446; x_wconf 84' lang='lat' dir='ltr'>Sed</span> <span class='ocrx_word' id='word_1_164' title='bbox 220 2383 325 2445; x_wconf 88' lang='lat' dir='ltr'>tamen</span> <span class='ocrx_word' id='word_1_165' title='bbox 360 2383 440 2446; x_wconf 88' lang='lat' dir='ltr'>vires</span> <span class='ocrx_word' id='word_1_166' title='bbox 463 2401 524 2446; x_wconf 92' lang='lat' dir='ltr'>non</span> <span class='ocrx_word' id='word_1_167' title='bbox 547 2381 642 2446; x_wconf 88' lang='lat' dir='ltr'>habet</span> <span class='ocrx_word' id='word_1_168' title='bbox 676 2380 876 2456; x_wconf 85' lang='lat' dir='ltr'>renuntiatio,</span> <span class='ocrx_word' id='word_1_169' title='bbox 901 2401 998 2460; x_wconf 82' lang='lat' dir='ltr'>acque</span> <span class='ocrx_word' id='word_1_170' title='bbox 1021 2381 1093 2460; x_wconf 79' lang='lat' dir='ltr'>qaia</span> 
     </span>
    </p>
   </div>
   <div class='ocr_carea' id='block_1_7' title="bbox 15 2477 1092 2558">
    <p class='ocr_par' dir='ltr' id='par_1_8' title="bbox 15 2477 1092 2558">
     <span class='ocr_line' id='line_1_23' title="bbox 15 2477 1092 2558; baseline 0 -16"><span class='ocrx_word' id='word_1_171' title='bbox 15 2489 16 2492; x_wconf 76' lang='grc'>’</span> <span class='ocrx_word' id='word_1_172' title='bbox 124 2479 319 2543; x_wconf 76' lang='lat' dir='ltr'>abdicatione</span> <span class='ocrx_word' id='word_1_173' title='bbox 341 2501 400 2544; x_wconf 82' lang='lat' dir='ltr'>suo</span> <span class='ocrx_word' id='word_1_174' title='bbox 424 2479 573 2558; x_wconf 75' lang='lat' dir='ltr'>beneficio</span> <span class='ocrx_word' id='word_1_175' title='bbox 605 2477 732 2554; x_wconf 79' lang='lat' dir='ltr'>amittit,</span> <span class='ocrx_word' id='word_1_176' title='bbox 757 2478 823 2540; x_wconf 80' lang='lat' dir='ltr'>atsi</span> <span class='ocrx_word' id='word_1_177' title='bbox 844 2497 877 2541; x_wconf 86' lang='lat' dir='ltr'>se</span> <span class='ocrx_word' id='word_1_178' title='bbox 899 2477 1022 2542; x_wconf 80' lang='lat' dir='ltr'>abdicet</span> <span class='ocrx_word' id='word_1_179' title='bbox 1043 2498 1092 2542; x_wconf 85' lang='lat' dir='ltr'>oo·</span> 
     </span>
    </p>
   </div>
   <div class='ocr_carea' id='block_1_8' title="bbox 123 2575 1090 2854">
    <p class='ocr_par' dir='ltr' id='par_1_9' title="bbox 123 2575 1090 2854">
     <span class='ocr_line' id='line_1_24' title="bbox 124 2575 1090 2658; baseline 0.004 -22"><span class='ocrx_word' id='word_1_180' title='bbox 124 2597 194 2640; x_wconf 85' lang='lat' dir='ltr'>rom</span> <span class='ocrx_word' id='word_1_181' title='bbox 219 2597 263 2652; x_wconf 87' lang='lat' dir='ltr'>co,</span> <span class='ocrx_word' id='word_1_182' title='bbox 290 2598 311 2640; x_wconf 88' lang='lat' dir='ltr'>o</span> <span class='ocrx_word' id='word_1_183' title='bbox 334 2598 394 2658; x_wconf 81' lang='lat' dir='ltr'>quo</span> <span class='ocrx_word' id='word_1_184' title='bbox 416 2577 499 2640; x_wconf 74' lang='lat' dir='ltr'>illast</span> <span class='ocrx_word' id='word_1_185' title='bbox 525 2577 671 2653; x_wconf 87' lang='lat' dir='ltr'>obtinuit,</span> <span class='ocrx_word' id='word_1_186' title='bbox 701 2577 826 2658; x_wconf 84' lang='lat' dir='ltr'>excepto</span> <span class='ocrx_word' id='word_1_187' title='bbox 852 2576 883 2640; x_wconf 91' lang='lat' dir='ltr'>S.</span> <span class='ocrx_word' id='word_1_188' title='bbox 907 2575 1090 2640; x_wconf 87' lang='lat' dir='ltr'>Pontifice...</span> 
     </span>
     <span class='ocr_line' id='line_1_25' title="bbox 123 2671 1090 2758; baseline 0 -20"><span class='ocrx_word' id='word_1_189' title='bbox 123 2673 205 2738; x_wconf 89' lang='lat' dir='ltr'>Hinc</span> <span class='ocrx_word' id='word_1_190' title='bbox 228 2675 372 2758; x_wconf 79' lang='lat' dir='ltr'>Episcopi</span> <span class='ocrx_word' id='word_1_191' title='bbox 396 2675 446 2758; x_wconf 93' lang='lat' dir='ltr'>(ut</span> <span class='ocrx_word' id='word_1_192' title='bbox 469 2671 663 2757; x_wconf 88' lang='lat' dir='ltr'>dictumest)</span> <span class='ocrx_word' id='word_1_193' title='bbox 687 2676 769 2737; x_wconf 88' lang='lat' dir='ltr'>recte</span> <span class='ocrx_word' id='word_1_194' title='bbox 792 2673 877 2737; x_wconf 86' lang='lat' dir='ltr'>haud</span> <span class='ocrx_word' id='word_1_195' title='bbox 899 2674 1090 2752; x_wconf 89' lang='lat' dir='ltr'>renuntiant,</span> 
     </span>
     <span class='ocr_line' id='line_1_26' title="bbox 123 2771 1090 2854; baseline 0.001 -19"><span class='ocrx_word' id='word_1_196' title='bbox 123 2773 180 2836; x_wconf 88' lang='lat' dir='ltr'>nisi</span> <span class='ocrx_word' id='word_1_197' title='bbox 214 2773 405 2838; x_wconf 86' lang='lat' dir='ltr'>renuntiatio</span> <span class='ocrx_word' id='word_1_198' title='bbox 436 2772 512 2838; x_wconf 84' lang='lat' dir='ltr'>Sede</span> <span class='ocrx_word' id='word_1_199' title='bbox 546 2771 656 2854; x_wconf 80' lang='lat' dir='ltr'>Apost.</span> <span class='ocrx_word' id='word_1_200' title='bbox 680 2771 812 2853; x_wconf 88' lang='lat' dir='ltr'>probata</span> <span class='ocrx_word' id='word_1_201' title='bbox 843 2771 948 2848; x_wconf 91' lang='lat' dir='ltr'>fuerit,</span> <span class='ocrx_word' id='word_1_202' title='bbox 972 2771 1090 2836; x_wconf 82' lang='lat' dir='ltr'>conisi</span> 
     </span>
    </p>
   </div>
   <div class='ocr_carea' id='block_1_9' title="bbox 15 2849 888 2950">
    <p class='ocr_par' dir='ltr' id='par_1_10' title="bbox 15 2849 888 2950">
     <span class='ocr_line' id='line_1_27' title="bbox 15 2849 888 2950; baseline -0.002 -18"><span class='ocrx_word' id='word_1_203' title='bbox 15 2849 17 2912; x_wconf 68' lang='grc' dir='ltr'>ἶ</span> <span class='ocrx_word' id='word_1_204' title='bbox 123 2869 223 2933; x_wconf 88' lang='lat' dir='ltr'>iustas</span> <span class='ocrx_word' id='word_1_205' title='bbox 247 2871 361 2935; x_wconf 87' lang='lat' dir='ltr'>habeat</span> <span class='ocrx_word' id='word_1_206' title='bbox 383 2870 579 2935; x_wconf 88' lang='lat' dir='ltr'>renuntiandi</span> <span class='ocrx_word' id='word_1_207' title='bbox 603 2887 713 2934; x_wconf 86' lang='lat' dir='ltr'>causas</span> <span class='ocrx_word' id='word_1_208' title='bbox 735 2868 888 2950; x_wconf 85' lang='lat' dir='ltr'>(Devoti).</span> 
     </span>
    </p>
   </div>
   <div class='ocr_carea' id='block_1_10' title="bbox 15 2965 1088 3256">
    <p class='ocr_par' dir='ltr' id='par_1_11' title="bbox 15 2965 1088 3256">
     <span class='ocr_line' id='line_1_28' title="bbox 168 2965 1088 3050; baseline 0 -20"><span class='ocrx_word' id='word_1_209' title='bbox 168 2967 243 3031; x_wconf 87' lang='grc'><strong>645.</strong></span> <span class='ocrx_word' id='word_1_210' title='bbox 261 3005 304 3014; x_wconf 93' lang='grc'><strong>-</strong></span> <span class='ocrx_word' id='word_1_211' title='bbox 327 2969 369 3032; x_wconf 91' lang='grc' dir='ltr'>ΙΙ.</span> <span class='ocrx_word' id='word_1_212' title='bbox 393 2969 491 3033; x_wconf 81' lang='lat' dir='ltr'>Facta</span> <span class='ocrx_word' id='word_1_213' title='bbox 507 2970 539 3032; x_wconf 87' lang='lat' dir='ltr'>at</span> <span class='ocrx_word' id='word_1_214' title='bbox 561 2967 690 3050; x_wconf 88' lang='lat' dir='ltr'>probata</span> <span class='ocrx_word' id='word_1_215' title='bbox 714 2965 951 3040; x_wconf 89' lang='lat' dir='ltr'>renuntiatione,</span> <span class='ocrx_word' id='word_1_216' title='bbox 972 2965 1088 3030; x_wconf 85' lang='lat' dir='ltr'>frustra</span> 
     </span>
     <span class='ocr_line' id='line_1_29' title="bbox 123 3065 1088 3149; baseline -0.002 -19"><span class='ocrx_word' id='word_1_217' title='bbox 123 3068 352 3132; x_wconf 86' lang='lat' dir='ltr'>renuntiantem</span> <span class='ocrx_word' id='word_1_218' title='bbox 375 3067 511 3149; x_wconf 87' lang='lat' dir='ltr'>poenitet</span> <span class='ocrx_word' id='word_1_219' title='bbox 534 3085 640 3130; x_wconf 89' lang='lat' dir='ltr'>eorum</span> <span class='ocrx_word' id='word_1_220' title='bbox 670 3083 748 3146; x_wconf 88' lang='lat' dir='ltr'>quae</span> <span class='ocrx_word' id='word_1_221' title='bbox 771 3065 880 3147; x_wconf 85' lang='lat' dir='ltr'>gessit,</span> <span class='ocrx_word' id='word_1_222' title='bbox 905 3083 974 3127; x_wconf 90' lang='lat' dir='ltr'>cum</span> <span class='ocrx_word' id='word_1_223' title='bbox 1000 3082 1088 3128; x_wconf 88' lang='lat' dir='ltr'>omne</span> 
     </span>
     <span class='ocr_line' id='line_1_30' title="bbox 15 3159 695 3256; baseline -0.006 -28"><span class='ocrx_word' id='word_1_224' title='bbox 15 3243 17 3256; x_wconf 53' lang='lat'>,</span> <span class='ocrx_word' id='word_1_225' title='bbox 124 3165 262 3230; x_wconf 85' lang='lat' dir='ltr'>amiserit</span> <span class='ocrx_word' id='word_1_226' title='bbox 285 3165 334 3228; x_wconf 88' lang='lat' dir='ltr'>ius</span> <span class='ocrx_word' id='word_1_227' title='bbox 356 3165 388 3228; x_wconf 92' lang='lat' dir='ltr'>in</span> <span class='ocrx_word' id='word_1_228' title='bbox 411 3163 590 3228; x_wconf 90' lang='lat' dir='ltr'>beneficio...</span> <span class='ocrx_word' id='word_1_229' title='bbox 616 3159 695 3247; x_wconf 75' lang='lat' dir='ltr'>(iot).</span> 
     </span>
    </p>
   </div>
   <div class='ocr_carea' id='block_1_11' title="bbox 442 3347 758 3410">
    <p class='ocr_par' dir='ltr' id='par_1_12' title="bbox 442 3347 758 3410">
     <span class='ocr_line' id='line_1_31' title="bbox 442 3347 758 3410; baseline -0.006 -8"><span class='ocrx_word' id='word_1_230' title='bbox 442 3348 590 3410; x_wconf 78' lang='lat' dir='ltr'><strong>REQUIES</strong></span> <span class='ocrx_word' id='word_1_231' title='bbox 609 3347 758 3401; x_wconf 79' lang='lat' dir='ltr'><strong>ANIMAE.</strong></span> 
     </span>
    </p>
   </div>
   <div class='ocr_carea' id='block_1_12' title="bbox 16 3529 1086 3726">
    <p class='ocr_par' dir='ltr' id='par_1_13' title="bbox 16 3529 1086 3726">
     <span class='ocr_line' id='line_1_32' title="bbox 16 3529 1085 3614; baseline -0.006 -15"><span class='ocrx_word' id='word_1_232' title='bbox 16 3609 17 3614; x_wconf 6' lang='grc' dir='ltr'>ἵ</span> <span class='ocrx_word' id='word_1_233' title='bbox 165 3535 298 3599; x_wconf 69' lang='lat' dir='ltr'>Munna</span> <span class='ocrx_word' id='word_1_234' title='bbox 321 3551 438 3598; x_wconf 78' lang='lat' dir='ltr'><strong>GOGITA.</strong></span> <span class='ocrx_word' id='word_1_235' title='bbox 474 3533 576 3597; x_wconf 88' lang='lat' dir='ltr'>Mater</span> <span class='ocrx_word' id='word_1_236' title='bbox 610 3533 717 3598; x_wconf 88' lang='lat' dir='ltr'>nostra</span> <span class='ocrx_word' id='word_1_237' title='bbox 751 3531 799 3596; x_wconf 88' lang='lat' dir='ltr'>est</span> <span class='ocrx_word' id='word_1_238' title='bbox 838 3555 855 3590; x_wconf 62' lang='lat' dir='ltr'>a</span> <span class='ocrx_word' id='word_1_239' title='bbox 879 3529 975 3614; x_wconf 86' lang='lat' dir='ltr'>Virgo</span> <span class='ocrx_word' id='word_1_240' title='bbox 1005 3529 1085 3608; x_wconf 87' lang='lat' dir='ltr'>tota,</span> 
     </span>
     <span class='ocr_line' id='line_1_33' title="bbox 123 3629 1086 3726; baseline -0.004 -30"><span class='ocrx_word' id='word_1_241' title='bbox 123 3651 218 3710; x_wconf 89' lang='lat' dir='ltr'>carna,</span> <span class='ocrx_word' id='word_1_242' title='bbox 243 3633 357 3710; x_wconf 88' lang='lat' dir='ltr'>mente,</span> <span class='ocrx_word' id='word_1_243' title='bbox 381 3633 518 3715; x_wconf 88' lang='lat' dir='ltr'>aspectu,</span> <span class='ocrx_word' id='word_1_244' title='bbox 534 3632 690 3708; x_wconf 88' lang='lat' dir='ltr'>contactu,</span> <span class='ocrx_word' id='word_1_245' title='bbox 707 3629 858 3714; x_wconf 86' lang='lat' dir='ltr'>cogitatu,</span> <span class='ocrx_word' id='word_1_246' title='bbox 883 3629 1086 3726; x_wconf 71' lang='lat' dir='ltr'>affectuser-</span> 
     </span>
    </p>
   </div>
   <div class='ocr_carea' id='block_1_13' title="bbox 0 0 1380 4270">
    <p class='ocr_par' dir='ltr' id='par_1_14' title="bbox 0 0 1380 4270">
     <span class='ocr_line' id='line_1_34' title="bbox 0 0 1380 4270; baseline 0 6"><span class='ocrx_word' id='word_1_247' title='bbox 0 0 1380 4270; x_wconf 95' lang='lat' dir='ltr'> </span> 
     </span>
    </p>
   </div>
  </div>
 </body>
</html>
