2856 4276
553 247 780 294 Puouuaonuna

202 337 581 344 ..-..-.--—-—-—..-..-.-....-...
594 339 600 344 .
627 339 787 346 ....—.-
804 339 809 344 .

226 445 258 507 3.
285 444 505 508 -Vocantur
528 465 661 508 canones
683 446 809 529 regulae
833 446 896 509 sire
919 463 1052 520 momm,
1084 443 1149 508 sive

177 542 371 624 disciplinae,
385 542 449 606 sive
465 541 546 606 lidei.
564 541 622 606 Sed
638 543 668 606 in
686 543 781 625 praxi,
795 543 945 625 proprius,
958 541 1084 626 regulae
1100 541 1148 606 di·

178 641 337 722 sciplinae.
373 640 436 721 Ipsi
466 660 599 703 caaoacs
632 640 852 720 discipliaares
881 641 1059 722 respiciunt,
1098 639 1145 704 vel

175 739 369 802 coniunctim
392 739 442 802 vel
465 739 644 820 separatim,
661 740 693 822 a)
709 740 812 819 fialam,
830 737 1060 812 defendendam,
1077 757 1144 820 pro·

180 836 376 913 movendam,
401 836 660 912 conservandam
696 838 729 919 b)
752 857 862 913 mores,
896 835 1066 900 accuratim
1098 835 1146 900 dc

181 933 385 996 terminantes
400 934 556 1018 generalia
573 933 726 1015 quaedam
741 935 818 999 iuris
834 935 932 1000 divini
947 935 1147 1018 praescripta,

182 1031 232 1094 vel
254 1033 376 1114 propria
400 1033 556 1097 sanctione
579 1033 753 1098 munientes
777 1036 940 1116 praccepta
956 1035 988 1097 et
1015 1031 1148 1115 prohibi·

183 1129 284 1192 tiones
318 1129 395 1192 iuris
430 1130 506 1194 item
543 1129 657 1206 divini3
689 1131 718 1212 c)
742 1129 914 1212 liturqiam,
947 1129 1148 1194 accidentalia

175 1225 286 1289 cultus
310 1226 407 1290 divini
441 1227 628 1303 ordinantes
653 1227 692 1291 ad
716 1230 858 1292 tutamen
893 1229 1146 1294 substantialium

176 1321 320 1386 eiusdem
343 1323 456 1398 cultus,
473 1343 551 1405 quae
575 1326 676 1388 Deum
699 1325 814 1388 habent
837 1327 1009 1402 auctorem
1034 1325 1067 1408 d)
1084 1323 1148 1386 bic·

169 1419 342 1484 rarcbiam
354 1441 408 1486 seu
419 1421 562 1504 politiam
575 1441 705 1496 sacram,
730 1441 765 1486 ea
790 1441 868 1502 quae
892 1423 1147 1486 iurodivinonon

176 1519 256 1582 :saint
279 1519 494 1596 determinata,
515 1521 630 1602 pariter
653 1519 838 1597 ordinantes,
856 1524 891 1584 ut
912 1521 1063 1602 quaedam
1081 1537 1149 1584 nor·

180 1857 354 1914 dioecesanis
376 1862 420 1916 vel
440 1864 660 1932 provincialibus
690 1871 739 1920 aut
767 1865 960 1935 regionalibus
987 1863 1071 1918 hodie
1090 1880 1145 1917 vox

172 1965 272 2002 -caaoa
295 1951 464 2018 applicatur.
491 1953 572 2008 Unde
599 1955 635 2008 ad
656 1955 727 2009 illud
756 1955 874 2010 Glossae
892 1955 923 2008 ia
941 1955 1084 2021 principio
1102 1953 1147 2006 di-

172 2037 336 2093 stiactioais
354 2045 402 2094 18:
421 2041 557 2111 Episcopi
574 2047 641 2100 beas
657 2053 774 2112 possunt
793 2043 909 2100 coadcre
937 2040 1065 2096 Oaacaas
1090 2041 1149 2110 cpi·

173 2127 311 2193 scopalcs,
322 2137 347 2183 ct
361 2132 594 2200 Ascbiepiscopas
605 2135 801 2201 provinciales,
817 2134 885 2202 quia
899 2133 1014 2200 quilibet
1027 2131 1149 2198 popalus

175 2221 208 2269 el
226 2219 363 2284 quaelibet
382 2219 509 2275 Ecclesia
527 2225 581 2278 sibi
596 2231 687 2290 potest
705 2231 828 2278 statuere
850 2221 968 2288 aliquod
986 2222 1045 2274 ias:
1065 2223 1093 2272 et
1112 2217 1149 2272 ad

182 2302 253 2356 illud
272 2304 392 2360 Abbatis
412 2309 443 2360 ia
466 2305 534 2376 Gap.
557 2309 704 2364 Caaoaam
718 2310 752 2364 de
773 2304 1147 2371 Constitutiaaibasmbige·

181 2395 306 2450 neratim
325 2397 379 2451 ait:
399 2399 597 2468 Appellatioae
628 2397 752 2454 Gaaaaic
770 2402 845 2454 venit
873 2399 961 2453 omnis
983 2395 1150 2451 Constitutio

186 2483 392 2552 Ecclesiastico,
420 2489 572 2557 respondet
599 2489 768 2544 Benedictus
788 2488 861 2542 XlV.
885 2488 919 2542 de
939 2487 1005 2556 Syn.
1028 2487 1051 2540 1.
1070 2487 1095 2539 3.
1115 2486 1147 2540 3:

182 2573 198 2593 ⁴
221 2573 266 2627 Ita
285 2576 413 2643 profecto
440 2595 485 2631 res
504 2595 534 2632 se
555 2578 681 2643 haberet,
701 2579 725 2632 si
744 2579 826 2632 unice
855 2576 1043 2630 insistendum
1072 2579 1147 2630 esset

180 2663 262 2717 uocis
281 2666 477 2734 etymologiae,
498 2672 527 2722 et
544 2669 753 2736 grammaticali
772 2667 897 2722 eiusdem
925 2665 1144 2734 significationi:

185 2757 223 2816 at,
244 2753 268 2805 si
287 2770 463 2810 communem
481 2756 558 2810 roais
578 2756 772 2824 acceptionem
797 2755 978 2819 attendimus,
999 2751 1146 2824 praefatas

181 2839 409 2898 constitutiones
431 2844 558 2900 Gaacrncs
568 2847 713 2915 appellare
735 2847 933 2915 prohibemur;
962 2861 1027 2898 usus
1041 2843 1147 2912 quippe

178 2948 259 2985 'nunc
278 2934 473 2996 communiter,
493 2941 523 2991 et
543 2937 692 3004 praecipue
712 2937 787 3005 apud
807 2935 951 2997 Doctores,
971 2931 1102 2993 invaluit,
1115 2937 1149 2987 ut

180 3017 310 3076 Canania
329 3025 442 3079 nomine
461 3025 539 3080 solae
558 3025 728 3080 denotentur
747 3023 980 3086 constitutiones,
995 3039 1067 3090 quae
1087 3023 1150 3075 uni·

181 3126 294 3165 versam
313 3113 496 3184 obstringunt
515 3115 680 3173 Ecclesiam,
700 3115 799 3182 quales
819 3113 886 3167 illae
907 3115 982 3175 sunt,
1008 3128 1080 3179 quae
1099 3113 1150 3165 aut

180 3215 202 3251 a
222 3199 355 3256 Conciliis
375 3202 568 3268 Generalibus,
583 3207 632 3258 aut
646 3222 663 3258 a
679 3203 793 3258 Summo
813 3202 951 3257 Pontifice
971 3203 1150 3269 promanant,

185 3293 260 3362 quod
279 3293 404 3361 pluribus
427 3293 516 3348 tradit
546 3293 698 3363 Fagnanus
717 3295 749 3347 ia
770 3291 839 3361 Oap.
862 3291 1007 3346 Gaaoaam
1034 3297 1150 3355 statuta,

185 3401 259 3438 airam.
290 3383 331 3436 19.
361 3390 387 3438 et
413 3399 468 3450 seq.
489 3383 522 3437 de
553 3381 810 3445 Constitutioaibaa,
839 3385 943 3436 notans
973 3379 1057 3432 simul
1083 3379 1151 3433 ibid.

187 3490 260 3526 naas.
281 3477 316 3526 35
322 3510 329 3523 .
354 3471 429 3540 quod
444 3471 467 3525 si
482 3475 622 3526 statutum
642 3471 776 3542 Episcopi
790 3488 807 3524 a
821 3469 899 3538 Papa
918 3469 1105 3532 confirmetur,
1120 3471 1150 3524 et

181 3565 356 3620 extendatur
375 3565 411 3618 ad
430 3569 522 3620 totam
541 3565 706 3630 Ecclesiam,
726 3568 803 3630 tunc,
823 3567 923 3631 utpote
942 3562 1000 3616 iam
1020 3560 1151 3616 Pontifici

183 3659 358 3725 arrogatum,
379 3658 456 3710 recte
477 3657 590 3710 dicatur
612 3654 710 3710 Oaaoa
733 3695 753 3718 ,.
