2856 4276
544 245 770 294 PROLEGOMENA
1099 246 1132 298 :tl

172 338 219 342 „q
275 339 307 344 ..-
712 337 1133 347 ῇ--α--η--ῂ

163 444 279 507 ationis
294 445 343 508 vel
359 444 544 522 directionis,
562 465 621 511 non
644 447 748 510 autern
765 446 888 529 plenam
902 449 933 511 et
957 467 1132 530 supremam

166 543 355 622 potestatem
379 541 599 607 iurisdictionis
616 543 647 606 in
670 543 846 608 universam
870 543 1048 620 Ecclesiam,
1073 563 1133 609 non

164 639 324 702 selamin
348 639 439 703 rebus
475 659 553 721 quae
576 640 616 704 ad
638 639 730 704 fidem
754 643 785 706 et
817 660 927 716 mores,
953 641 1005 706 sed
1036 642 1132 706 etiam

165 737 198 799 in
222 736 261 798 iis
297 755 374 816 quae
399 736 439 800 ad
462 737 656 819 disciplinam
679 739 711 800 et
733 739 869 821 regimen
904 739 1057 802 Ecclesiae
1080 757 1134 822 per

167 837 272 899 toturn
296 835 398 899 orbem
422 835 551 899 diffusae
575 837 745 917 pertineam
769 838 825 899 aut
841 855 912 900 eum
935 836 1046 900 habere
1063 837 1133 901 tan-

165 1067 233 1122 illae
252 1070 507 1124 administrationis
527 1087 630 1139 genere
653 1074 825 1124 tenerentur.
855 1070 932 1135 Quae
961 1087 1047 1138 quum
1076 1071 1134 1126 sint

165 1160 217 1218 ita,
237 1159 442 1214 catholicorum
461 1177 540 1213 mens
560 1163 646 1227 atque
676 1161 759 1223 actio,
778 1177 851 1228 quae
870 1161 943 1214 bono
971 1160 1135 1226 proletario·

162 1268 226 1303 rum
246 1248 438 1316 promovendo
467 1249 571 1312 studet,
590 1265 623 1304 eo
643 1241 771 1317 profecto
800 1254 928 1318 spectare
953 1266 1134 1317 nequaquam

165 1343 268 1406 potest,
288 1341 321 1392 ut
339 1338 415 1393 aliud
435 1355 502 1408 prae
523 1339 578 1393 alio
599 1339 724 1406 regimen
753 1339 878 1392 civitatis
908 1338 1022 1394 adamet
1047 1343 1133 1408 atquc

163 1429 293 1482 invehat.

211 1517 222 1538 ‘⁴
241 1517 307 1571 Non
318 1517 448 1570 dissimili
461 1517 543 1571 modo
555 1535 571 1570 a
582 1517 756 1572 democratia
766 1517 922 1570 christiana
933 1517 1133 1570 removendum

162 1610 208 1660 est
219 1607 340 1660 alterum
348 1605 419 1659 illud
430 1605 592 1661 offensionis
607 1609 705 1674 caput:
717 1607 791 1674 quod
801 1607 934 1662 nimirum
942 1608 970 1660 in
979 1607 1132 1660 commodis

162 1695 332 1749 inferiorum
353 1695 483 1749 ordinum
508 1712 590 1748 curas
610 1695 650 1748 sic
670 1695 797 1748 collocet.
816 1698 848 1748 ut
868 1694 1022 1762 superiores
1052 1712 1132 1762 prae·

162 1785 251 1838 terire
270 1784 416 1848 videatur;
437 1801 555 1852 quorum
573 1789 668 1838 tamen
689 1803 745 1838 non
763 1784 855 1838 minor
875 1788 918 1838 est
936 1801 1002 1837 usus
1016 1784 1052 1838 ad
1069 1801 1133 1840 con·

161 1874 354 1928 servationem
390 1873 650 1941 perfectionemque
677 1873 811 1928 civitatis.
837 1873 992 1926 Praecavet
1011 1873 1039 1925 id
1059 1874 1134 1927 chri·

161 1961 269 2020 stiana
289 1977 376 2028 qnam
395 1977 484 2029 nuper
509 1961 641 2019 diximus,
661 1960 790 2014 caritatis
811 1960 866 2014 lex.
885 1959 962 2013 Haec
981 1959 1016 2013 ad
1035 1978 1133 2016 omnes

162 2049 278 2102 omnino
299 2047 421 2105 cuiusvis
450 2048 555 2116 gradus
576 2047 702 2102 homines
728 2050 809 2116 patet
834 2047 1071 2114 complectendos,
1090 2053 1133 2102 ut·

162 2141 230 2206 pote
250 2137 333 2191 nnius
353 2137 533 2206 eiusdemque
552 2137 689 2198 familiae,
705 2137 803 2192 eodem
816 2136 1020 2206 benignissimo
1040 2137 1131 2192 editos

163 2224 248 2280 Patre
267 2230 297 2280 et
317 2227 477 2294 redemptos
507 2227 664 2293 Servatore,
684 2227 867 2294 eamdemque
886 2226 916 2279 in
944 2227 1132 2280 hereditatem

162 2317 279 2368 vocatos
299 2317 455 2368 aeternam.
484 2313 605 2378 Scilicet,
626 2330 698 2382 quae
718 2317 761 2368 est
780 2312 909 2367 doctrina
929 2317 957 2367 et
976 2314 1132 2369 admonitio

161 2405 301 2472 Apostoli.
333 2403 424 2458 Ursum
452 2422 558 2472 corpas,
580 2412 604 2459 ct
623 2420 697 2457 unas
724 2405 849 2471 spiritua,
868 2405 940 2458 sicut
959 2405 1048 2458 cecati
1067 2406 1132 2459 estis

164 2495 194 2547 irc
214 2512 274 2550 aaa
300 2511 348 2562 ape
375 2496 528 2550 vocationis
556 2501 671 2548 uestrae.
706 2493 784 2546 Ursas
812 2492 959 2559 Dominus,
978 2511 1038 2548 rena
1054 2495 1131 2562 fides,

161 2601 249 2636 accam
269 2585 414 2651 baptisma.
441 2583 519 2637 Urias
538 2583 616 2636 Deae
635 2590 660 2636 et
679 2581 767 2636 Pater
785 2583 914 2648 omnium,
935 2584 983 2650 qai
997 2591 1035 2637 est
1049 2599 1134 2651 saper

159 2686 263 2735 omncs,
284 2677 309 2724 ct
324 2687 377 2738 per
395 2672 496 2736 omnic,
518 2678 542 2724 et
569 2671 600 2723 ia
631 2671 757 2724 omnibus
784 2668 983 2733 catamare
1014 2674 1131 2738 propter

162 2757 291 2810 nativam
312 2757 402 2824 plebis
423 2773 486 2810 cum
506 2755 650 2810 ordinibus
670 2755 771 2809 ceteris
801 2755 1037 2820 coniunctionem,
1058 2773 1132 2810 eam·

160 2863 217 2912 que
247 2845 398 2900 arctiorem
417 2863 451 2899 ex
471 2845 628 2898 christiana
656 2844 850 2910 fraternitate,
870 2845 900 2898 in
920 2845 1031 2900 eosdem
1057 2849 1132 2900 certe

161 2933 256 2986 influit
276 2935 504 3000 quantacumque
534 2931 610 3000 plebi
640 2932 811 2986 adiutandae
840 2933 991 3001 diligentia
1019 2934 1132 3000 impen-

160 3021 255 3083 ditur;
276 3040 308 3076 eo
329 3023 373 3076 vel
394 3023 486 3089 magis
516 3021 584 3089 quia
603 3021 638 3074 ad
659 3021 766 3075 exitum
795 3021 837 3075 rei
866 3022 1018 3076 seeundum
1047 3022 1132 3090 plane

159 3111 243 3165 decet
256 3128 289 3164 ac
307 3127 422 3166 necesse
442 3114 485 3165 eat
504 3111 581 3178 ipsos
595 3111 625 3162 in
644 3114 756 3178 partem
776 3127 878 3178 operae
899 3111 1040 3173 advocari,
1056 3111 1132 3176 quod

160 3199 239 3253 infra
258 3200 426 3268 aperiemus.

209 3289 332 3359 “Longe
351 3290 459 3358 pariter
478 3289 562 3348 absit,
581 3293 613 3342 ut
638 3289 830 3357 appellatione
850 3287 1039 3342 democratiae
1059 3287 1130 3338 chri-

160 3376 273 3431 stianae
292 3378 468 3446 propositum
488 3377 624 3430 subdatur
647 3377 738 3430 omnis
757 3377 932 3431 abiiciendae
952 3375 1131 3429 obedientiae

159 3483 263 3533 eosque
292 3467 442 3520 aversandi
462 3466 511 3535 qui
529 3467 657 3536 legitime
690 3471 833 3535 praesunt.
863 3465 997 3520 Revereri
1016 3483 1062 3519 eos
1082 3465 1132 3532 qui

161 3573 211 3623 pro
230 3574 278 3610 suo
292 3557 410 3625 quisque
425 3558 515 3626 gradu
530 3557 691 3610 incivitate
711 3561 855 3624 praesunt,
876 3556 1039 3624 eisdemque
1054 3556 1129 3610 iuste

161 3645 320 3700 iubentibus
347 3648 551 3714 obtemperare,
570 3647 616 3700 lex
642 3663 731 3714 aeque
760 3646 900 3700 naturalis
923 3649 952 3700 et
972 3646 1130 3700 christiana
