2812 4268
311 279 365 336 386
612 285 787 333 celerinus
809 287 849 333 na
872 287 971 334 annos

312 488 469 555 Patronis
491 509 562 553 oero
585 511 648 554 coo
680 493 825 572 competit
853 493 924 572 ipso
954 491 1202 555 administratio.
1235 529 1277 538 -

310 585 409 651 Noun.
436 589 514 652 Cum
539 587 650 652 ultimo
674 588 826 653 eiusmodi
857 587 957 652 officio
980 590 1162 673 analogiam
1185 590 1278 653 habet

310 683 482 760 advocatio,
508 703 561 748 seu
589 684 725 750 defensio
752 705 812 766 qua
837 687 998 768 principes,
1023 686 1205 768 postulante
1228 687 1280 750 Ec·

311 781 414 858 olesia,
430 784 538 846 contra
554 783 708 847 violentas
725 785 935 866 oppressiones
951 785 1051 866 ipsam
1070 784 1118 847 vel
1135 784 1279 848 ecclesias

312 880 517 962 particulares
539 882 710 963 protegunt
726 881 934 963 (Huguenin).

360 979 456 1041 1150.
481 1014 525 1024 -
548 977 606 1041 Ill.
631 979 839 1061 Magistratus
866 979 898 1042 et
922 979 987 1053 alii,
1012 978 1124 1059 quibus
1148 979 1200 1042 ius
1223 997 1278 1060 pa-

312 1078 457 1141 tronatus
481 1076 530 1139 vel
553 1077 809 1158 praesentationis
833 1076 873 1139 ad
900 1076 1006 1156 aliqua
1030 1075 1178 1139 beneficia
1202 1093 1279 1139 com·

312 1175 402 1256 petit,
426 1173 603 1238 abstineant
626 1193 644 1236 a
665 1174 921 1254 promissionibus
937 1173 1018 1236 circa
1040 1173 1190 1236 beneficia
1208 1191 1279 1236 non-

310 1271 388 1336 dum
411 1271 573 1346 vacantia3
598 1273 629 1334 et
645 1271 745 1334 sciant
762 1271 938 1360 huiusmodi
954 1271 1174 1353 promissiones
1191 1271 1279 1334 adve

238 1409 242 1417 -
312 1370 415 1433 niente
438 1369 534 1432 etiam
558 1368 731 1442 vacatione,
756 1369 873 1431 nullius
897 1367 1040 1450 ponderis
1064 1387 1140 1432 esse.
1169 1393 1188 1425 ‹
1211 1367 1277 1432 Non

313 1467 379 1530 sine
402 1465 523 1548 piaculo
539 1465 716 1528 huiusmodi
733 1467 959 1530 nominationes
975 1467 1144 1544 amicitiae,
1161 1467 1219 1530 aut
1233 1483 1279 1529 co

312 1565 471 1648 guntionis
496 1563 604 1627 habita
627 1564 756 1638 ratione,
788 1563 865 1639 lieri,
889 1564 942 1628 sed
966 1565 1055 1627 unice
1077 1564 1278 1646 spectandum

315 1679 392 1735 esse,
417 1679 455 1724 an
480 1679 551 1723 cum
575 1649 629 1723 Dei
650 1659 795 1741 obsequio
818 1662 850 1724 et
866 1661 1020 1724 Ecclesiae
1044 1661 1187 1724 utilitate
1210 1679 1277 1724 con-

314 1759 485 1842 iungantur
500 1782 531 1834 s,
556 1758 602 1820 ait
626 1757 811 1822 Benedictus
834 1759 919 1835 xlv,
945 1759 1021 1822 lust.
1048 1759 1099 1834 12,
1124 1779 1155 1821 n.
1180 1758 1212 1822 8.

363 1857 459 1920 1151.
475 1887 528 1906 ι-
559 1855 695 1920 laniosio
727 1857 1005 1938 lurispalronatus.
1039 1893 1079 1902 -
1112 1855 1289 1920 Amittitur·

313 1955 560 2036 iuspatronatus.
589 1991 622 1998 —
653 1953 678 2015 l.
709 1951 740 2016 Si
771 1957 921 2036 patronus
944 1954 1113 2018 Ecclesiam
1138 1971 1278 2035 reparare

313 2055 346 2117 et
369 2070 551 2116 conservare
574 2053 705 2114 recuset.

363 2151 458 2213 1152.
485 2185 525 2194 -
550 2150 592 2212 ll.
617 2147 650 2213 Si
672 2149 779 2213 eadem
804 2149 943 2214 incendio
966 2151 1152 2231 consumpta
1175 2149 1269 2213 fuerit

313 2249 363 2312 vel
388 2251 475 2312 motu
499 2249 610 2323 terrae,
628 2248 677 2312 vel
695 2249 863 2324 vetustate,
880 2251 937 2312 ant
953 2249 1030 2312 vitio
1047 2256 1102 2311 suo
1119 2247 1278 2312 corruerit.

362 2347 457 2410 1153.
484 2381 525 2392 -
550 2345 606 2408 lll.
634 2346 666 2410 Si
691 2347 840 2427 patronus
857 2365 913 2411 suo
937 2365 969 2410 se
984 2347 1052 2408 iure
1075 2345 1209 2420 abdicet,
1225 2344 1280 2408 aut

312 2445 406 2509 alteri
429 2443 587 2518 concedat,
614 2443 662 2506 vel
693 2443 873 2521 Ecclesiam,
897 2443 984 2507 nulla
1016 2443 1065 2506 sui
1088 2443 1167 2506 iuris
1199 2441 1280 2506 facta

313 2541 531 2617 reservatione,
556 2539 763 2624 Collegiatam
786 2541 852 2605 lieri
876 2542 1026 2624 patiatur,
1048 2541 1097 2604 vel
1119 2539 1280 2622 praedium

315 2639 439 2714 vendat,
464 2629 515 2702 cui
537 2639 775 2720 iuspatronatus
799 2639 956 2704 adhaeret.

364 2737 459 2800 1154.
484 2774 528 2782 -
551 2736 606 2799 IV.
631 2736 666 2802 Si
688 2737 719 2801 in
743 2737 895 2802 haeresim
919 2736 1071 2800 inciderit.

364 2835 459 2898 1155.
484 2871 527 2888 ÷-
550 2833 589 2897 V.
614 2833 647 2898 Si
670 2834 824 2898 Ecclesiae
847 2833 1020 2908 Rectorem,
1046 2834 1102 2896 aut
1126 2829 1280 2896 Clericum

313 2932 366 2997 vel
388 2952 442 3015 per
463 2951 496 2997 se
520 2931 569 2996 vel
591 2950 645 3014 per
668 2932 746 2996 alios
770 2930 914 3006 occidere,
939 2949 993 2994 seu
1015 2929 1164 2992 mutilare
1187 2947 1281 2993 ausus

316 3031 420 3106 fuerit,
445 3031 494 3094 vel
522 3030 591 3093 iura
624 3029 778 3093 Ecclesiae
808 3028 1015 3110 usurpaverit,
1040 3028 1089 3091 vel
1112 3027 1248 3110 separat

313 3127 366 3192 ius
389 3129 574 3209 patronatus
598 3126 779 3194 vendiderit.

365 3226 460 3288 1156.
485 3261 529 3272 --
552 3224 607 3288 VI.
632 3225 771 3306 Denique
786 3224 813 3287 si
830 3223 996 3306 praescribi
1012 3223 1189 3305 permiserit
1213 3223 1282 3305 (De

291 3324 391 3398 voti,
418 3323 485 3408 58).

363 3420 459 3484 1157.
487 3457 527 3468 -
554 3421 657 3486 varra.
684 3456 724 3467 —-
741 3421 766 3484 Ι.
782 3420 952 3502 Episcopus
967 3417 1130 3482 restituere
1153 3437 1214 3482 non
1230 3435 1280 3501 po

313 3520 380 3583 test
403 3519 640 3600 iuspatronatus
663 3519 701 3592 ei,
727 3517 780 3598 qui
811 3516 889 3580 illud
913 3516 1037 3580 amisit:
1070 3515 1143 3597 quia
1174 3515 1281 3598 nequit

314 3616 500 3680 servitutem
524 3615 682 3697 imponere
705 3615 868 3690 Ecclesiae,
896 3631 974 3696 quae
997 3613 1176 3678 libertatem
1200 3612 1278 3678 obti-

316 3713 388 3776 nuit
411 3710 487 3794 (oo.
510 3712 643 3788 Eerrari,
668 3713 756 3797 562).
