2818 4276
220 1215 305 1280 elP.
337 1216 362 1280 Ι.
387 1215 509 1280 -DE
540 1215 715 1280 ROMANO
747 1214 966 1280 PONTlElOE

163 1537 232 1600 381.
255 1573 299 1584 -
322 1536 590 1606 Praenotaudunr.
617 1575 656 1586 -
681 1538 705 1601 1.
727 1564 743 1596 ‹
760 1537 826 1602 Hoc
850 1555 925 1602 sona
949 1539 1009 1602 fide
1032 1541 1078 1603 te·

122 1634 243 1699 nendum
266 1637 322 1710 est,
347 1634 430 1717 quod
446 1635 597 1700 Dominus
621 1655 677 1700 suo
701 1635 825 1700 Vieurio
853 1635 1075 1717 plenitudinem

121 1734 275 1814 potestatis
291 1733 432 1809 contulit,
453 1755 467 1796 e
498 1739 618 1796 tantam
634 1733 740 1814 utique
756 1734 871 1813 recepit
879 1737 1075 1814 potestatem,

121 1835 260 1908 quautam
282 1831 407 1894 decebat
430 1829 548 1895 aornim·
566 1852 648 1910 puro
671 1831 764 1906 dart·
788 1833 819 1895 et
846 1831 904 1896 hoo
928 1831 967 1896 ad
991 1832 1074 1898 aedi·

120 1927 285 1994 ficationem
302 1929 435 2010 corporis
452 1929 510 2004 sui,
536 1929 616 2011 quod
639 1931 686 1994 est
709 1929 856 1994 Ecclesia.
874 1928 962 1992 Unde
985 1948 1077 2012 super
1140 1955 1143 1962 ²

120 2025 171 2089 hoo
192 2046 251 2091 non
274 2025 437 2090 temerarie
459 2026 605 2101 iudicare,
631 2026 682 2090 sed
706 2028 827 2110 gratias
843 2025 993 2108 plurimas
1008 2029 1074 2092 Deo

120 2122 255 2188 debemus
279 2142 369 2208 agere
393 2143 411 2185 »
437 2122 481 2205 (S.
506 2124 633 2200 Bonan,
658 2129 689 2200 4,
713 2124 785 2188 dist.
809 2127 864 2201 20,
882 2145 918 2206 p.
945 2129 979 2202 2,
996 2145 1026 2188 o.
1044 2129 1074 2202 1,

119 2220 145 2282 d.
167 2221 212 2301 4).

157 2319 228 2382 382.
252 2355 297 2365 -·
319 2319 360 2382 Il.
389 2319 568 2384 «Summus
596 2319 737 2384 Pontifex
761 2320 830 2403 plus
854 2321 955 2402 potest
979 2339 1073 2403 qnam

118 2433 214 2480 omnes
225 2415 379 2498 Episcopi,
393 2433 428 2480 eo
445 2415 527 2498 quod
540 2415 764 2499 plenitudinem
780 2417 895 2481 habeat
912 2419 1079 2500 potestatis

117 2530 198 2596 super
222 2532 326 2578 omnes
342 2538 359 2570 »
376 2511 420 2593 (S.
448 2513 575 2589 Bonan,
594 2517 624 2590 4,
641 2514 714 2577 dist.
731 2516 787 2590 20,
795 2535 830 2594 p.
847 2517 881 2590 2,
898 2535 928 2578 a.
946 2519 975 2592 1,
995 2535 1025 2596 q.
1043 2520 1075 2591 6,

27 2613 29 2690 J
115 2607 196 2686 tuost.
220 2613 269 2694 3).

27 2727 29 2786 3
153 2709 226 2773 383.
243 2745 289 2754 —-
304 2708 360 2772 Ill.
382 2709 555 2806 «Eomana
579 2711 715 2775 Ecclesia
738 2711 962 2794 plenitudinem
986 2715 1073 2795 pote-

27 2823 29 2890 j
115 2806 199 2872 statis
214 2827 233 2871 a
249 2807 342 2872 Petro
354 2807 572 2890 Apostolomm
590 2807 731 2891 Principe
747 2811 915 2892 acceperat,
931 2810 963 2874 in
981 2829 1074 2892 quam

27 2909 29 2920 ’
112 2903 191 2970 nulla
214 2904 347 2968 Patrum
371 2905 525 2969 sententia
549 2923 603 2969 nee
638 2905 837 2970 interdictum
873 2925 984 2988 ponere
1020 2927 1076 2972 ueo

27 3079 29 3088 Ι
112 3005 225 3068 arctare
249 3004 363 3085 potuit,
388 3021 442 3067 nee
466 3003 494 3068 ei
517 3003 736 3086 praeiudicare,
760 3023 815 3095 neo
834 3004 932 3089 ligare
948 3023 1017 3068 eam
1034 3006 1075 3070 ad

27 3103 29 3112 ’
112 3099 257 3182 aliquid»
277 3098 322 3182 (S.
338 3100 467 3178 Bonav,
485 3105 516 3177 4,
532 3101 605 3165 ctist.
622 3105 673 3177 11,
689 3123 719 3164 u.
736 3105 766 3178 1,
784 3121 813 3181 q.
830 3102 878 3182 1).

27 3203 29 3248 ἑ
149 3199 225 3262 384.
238 3234 283 3244 -
294 3197 349 3260 IV.
368 3223 385 3256 ‹
402 3198 518 3263 Locum
535 3201 641 3263 teuent
657 3199 829 3283 (Episcopi)
840 3199 1074 3283 Apostolorum,

111 3311 195 3378 super
218 3295 386 3378 Apostolos
409 3296 516 3360 summ
539 3297 597 3360 est·
610 3293 763 3372 Christus,
789 3298 914 3380 etpost
948 3296 1073 3361 Petrus.

27 3389 29 3432 l
114 3387 237 3472 Oportet
257 3412 331 3473 erpo
355 3409 420 3457 esse
444 3391 578 3457 Patrem
601 3392 857 3474 Potamonem
873 3413 930 3458 uos
946 3393 1076 3474 Papum

27 3559 28 3562 Ἴ
110 3507 266 3566 vocamus;
290 3491 346 3570 qui
364 3495 467 3554 tameo
475 3493 604 3570 propter
616 3489 822 3556 humilitatem
834 3495 971 3572 quotuor
983 3490 1075 3554 tabet

109 3583 341 3663 Perusinorum,
382 3585 781 3669 Constantinopolitannm‚
819 3589 1072 3666 Alexandrinum,

109 3680 435 3768 Hierosolymitanum,
459 3683 698 3750 Antiochenum.
723 3685 763 3750 Et
787 3685 824 3750 de
855 3686 903 3751 his
933 3685 1075 3768 loquitur
