2750 4270
299 257 353 318 238
581 259 755 306 TRACTA'I'US
779 259 818 306 DE
842 257 988 304 PERSONIS

303 457 381 520 tinet
402 456 529 536 antiqui
551 453 727 534 splendoris
750 454 939 535 imaginem·
962 454 1027 536 ipse
1051 454 1099 516 est
1122 452 1260 536 dignitas,
1352 497 1353 514 ,

302 555 334 617 ct
356 553 451 618 habet
474 553 611 634 aliquam
635 551 910 634 praeeminentiam
936 551 1142 632 (Huguenin).

351 650 426 712 686.
450 649 857 730 -11..arcmpresbyrcri
890 648 1015 714 rurales
1046 664 1104 712 seu
1139 649 1262 714 decani.

303 785 345 794 -
365 747 398 808 1ο
413 745 517 827 Lapsu
541 745 689 827 temporis
712 748 776 810 ruri
801 765 922 827 quoque
938 745 1101 809 constituti
1117 746 1190 808 suut
1204 744 1264 808 Aa·

303 861 545 908 cennasurunm
574 861 716 908 acaunus
747 842 875 926 proinde
908 843 994 918 dicti,
1028 843 1081 924 qui
1112 844 1206 907 ferme
1236 844 1265 906 in
1353 869 1354 876 ¹

303 943 406 1006 locum
430 940 731 1006 Ouonuerscoroaum
756 942 1036 1005 successuram
1059 941 1191 1005 Ruralcs
1210 940 1265 1003 Ar·

303 1039 522 1121 chipresbyteri
547 1039 647 1102 vocati
671 1040 746 1102 sunt
770 1039 866 1102 etiam
885 1039 1015 1114 Ducum,
1032 1038 1106 1119 quia
1122 1038 1266 1101 nimirum

304 1137 463 1201 Diocccses
486 1137 517 1200 in
542 1136 642 1200 varios
665 1138 826 1217 certosque
849 1135 1010 1200 districtus
1042 1154 1096 1199 seu
1123 1135 1267 1198 manaim

304 1235 489 1298 distributae
512 1237 609 1307 erant,
635 1253 671 1297 ac
694 1234 826 1318 singulis
850 1234 985 1298 decaniis
1009 1253 1083 1298 suus
1110 1232 1267 1316 Archipre
1354 1233 1355 1262 ¹

305 1333 409 1416 sbytcr
432 1331 675 1414 praeficiebatur.
701 1332 735 1396 3⁰
759 1331 878 1396 Menos
905 1333 1010 1395 autem
1034 1331 1267 1395 Aacnrrausnr·
1354 1331 1355 1334 ’

305 1448 375 1494 ram
399 1447 539 1505 anaema,
571 1447 629 1494 sun
653 1431 785 1505 Ducem,
818 1430 861 1493 sic
884 1429 1071 1498 describitur
1102 1429 1134 1492 in
1158 1448 1226 1511 cap.
1250 1429 1268 1490 4

304 1529 341 1592 dc
357 1527 438 1607 offic.
455 1527 606 1606 Areua„-
634 1551 651 1584 «
667 1525 735 1591 Non
760 1527 860 1592 solum
884 1527 1021 1608 imperiti
1045 1526 1133 1610 vulgi
1157 1526 1269 1590 sollici·

304 1625 445 1690 tudinem
468 1627 567 1708 gerat,
593 1644 698 1688 verum
729 1625 825 1688 etiam
857 1625 1104 1708 presbyterorum
1134 1626 1189 1707 qui
1221 1643 1269 1707 per
1355 1663 1356 1696 r

306 1723 439 1786 minores
462 1723 573 1786 titulos
596 1723 751 1798 habitant,
777 1723 876 1786 vitam
899 1723 966 1807 iugi
997 1723 1268 1805 circumspectione

305 1820 472 1896 custodiat,
507 1822 538 1884 et
572 1839 633 1902 qua
668 1821 797 1903 quisque
830 1821 983 1885 industria
1019 1822 1158 1885 divinum
1197 1840 1269 1904 opus

306 1921 443 1983 exerceat
466 1919 614 2002 Episcopo
638 1938 694 1984 suo
718 1921 908 1984 renuntiet»
935 1920 1080 2004 (Soglia).

352 2017 426 2080 687.
452 2054 494 2062 -
519 2017 751 2082 archidiaconi.
776 2054 818 2062 -
843 2018 866 2080 Ι.
884 2016 1150 2097 Quemadmodum
1167 2018 1271 2082 Archi·
1356 2009 1357 2058 ἶ

306 2114 465 2197 presbyter
485 2114 570 2178 urbis
593 2115 624 2178 in
649 2114 827 2178 muneribus
850 2114 964 2180 ordinis
988 2113 1207 2193 sacerdotalia,
1227 2116 1270 2180 ita

305 2212 548 2276 Archidiaconus
571 2211 602 2274 in
626 2215 750 2276 externa
774 2211 987 2277 iurisdictione
1010 2214 1042 2276 et
1073 2211 1270 2278 administra·

306 2310 389 2374 tione
413 2309 569 2392 Episcopis
592 2309 728 2374 subsidio
752 2312 828 2374 crat.
854 2309 898 2374 Ex
928 2310 1033 2374 ordine
1063 2312 1270 2376 Diaconomm
1355 2369 1356 2392 ,

306 2407 547 2472 Archidiaconus
571 2408 754 2491 eligebatur,
779 2409 832 2489 qui
862 2409 992 2472 caeteris
1027 2428 1130 2472 rerum
1165 2428 1270 2494 garen-

306 2504 415 2568 darum
441 2505 623 2570 dexteritate
647 2507 829 2587 praestaret.
865 2505 1074 2588 Amplissimn
1103 2505 1177 2570 oiim
1214 2504 1272 2585 fuit

307 2601 609 2666 Arcbidiacoaornnc
626 2607 776 2682 potestas,
800 2622 870 2666 cum
901 2604 1003 2667 omnia
1038 2624 1113 2686 pene
1147 2606 1270 2688 negotia

306 2699 511 2764 ecclesiastica
536 2701 672 2782 ipsorum
696 2701 869 2765 ministerio
893 2705 1123 2786 peragerentur.

352 2798 427 2862 688.
453 2836 492 2844 —
518 2799 560 2861 II.
585 2804 632 2861 Aa
657 2815 751 2862 immo
777 2802 865 2861 tanto
889 2799 1117 2864 Archidincoai
1136 2804 1270 2880 potestas

306 2915 325 2960 a
349 2896 495 2960 mandato
518 2899 549 2959 et
573 2897 701 2960 arbitrio
725 2896 869 2978 Episcopi
892 2896 1061 2978 pendebat,
1086 2900 1120 2962 at
1132 2898 1270 2979 deinceps

305 2993 338 3056 in
361 2995 548 3076 potestatem
573 2993 761 3058 ordinariam
785 2993 874 3070 abiit,
898 2995 944 3058 ita
979 2997 1016 3058 ut
1046 2995 1269 3070 archidiaconi,

307 3110 367 3156 non
391 3091 525 3173 amplius
549 3090 588 3154 ad
604 3091 746 3174 Episcopi
762 3092 875 3154 nutum
890 3095 1098 3168 moverentur,
1116 3093 1168 3158 sed
1184 3091 1270 3174 quasi

316 3189 436 3253 Vicarii
457 3189 682 3268 Episcoporam
705 3189 784 3267 nati,
809 3190 873 3254 sive
889 3191 955 3254 dati
972 3209 990 3254 a
1006 3191 1073 3255 iure
1089 3191 1270 3255 iurisdictio-

307 3305 377 3350 nem
401 3287 542 3369 propriae
566 3287 713 3370 dignitati
726 3287 875 3350 adnexam
887 3289 1070 3369 consequuti
1090 3290 1172 3365 sunt,
1188 3305 1269 3352 eam·

308 3403 366 3466 que
389 3385 563 3449 inferiorem
586 3384 721 3467 quidem,
745 3383 924 3449 distinctam
948 3388 1052 3449 tamen
1076 3387 1116 3450 ab
1132 3382 1270 3468 Episcopi

307 3480 529 3568 iurisdictione.

354 3578 428 3641 689.
452 3615 496 3624 -
519 3579 576 3642 111.
600 3578 692 3644 Nunc
715 3579 861 3662 temporis
884 3579 1269 3660 Archidiaconorumpote-

308 3677 374 3739 stas
397 3695 471 3758 pene
495 3676 638 3753 concidit,
662 3679 694 3740 et
718 3697 807 3742 omne
830 3679 967 3760 ipsorum
991 3697 1104 3742 munus
1128 3697 1162 3742 eo
1183 3674 1268 3740 reda·
