<?xml version="1.0" encoding="UTF-8"?>
<!DOCTYPE html PUBLIC "-//W3C//DTD XHTML 1.0 Transitional//EN"
    "http://www.w3.org/TR/xhtml1/DTD/xhtml1-transitional.dtd">
<html xmlns="http://www.w3.org/1999/xhtml" xml:lang="en" lang="en">
 <head>
  <title>
</title>
<meta http-equiv="Content-Type" content="text/html;charset=utf-8" />
  <meta name='ocr-system' content='tesseract 3.04.00' />
  <meta name='ocr-capabilities' content='ocr_page ocr_carea ocr_par ocr_line ocrx_word'/>
</head>
<body>
  <div class='ocr_page' id='page_1' title='image "./compendiumiuris00tutgoog_0274.png"; bbox 0 0 2750 4270; ppageno 0'>
   <div class='ocr_carea' id='block_1_1' title="bbox 424 273 1091 328">
    <p class='ocr_par' dir='ltr' id='par_1_1' title="bbox 424 273 1091 328">
     <span class='ocr_line' id='line_1_1' title="bbox 424 273 1091 328; baseline 0.01 -7"><span class='ocrx_word' id='word_1_1' title='bbox 424 275 490 322; x_wconf 78' lang='lat' dir='ltr'>CAP.</span> <span class='ocrx_word' id='word_1_2' title='bbox 514 275 554 321; x_wconf 83' lang='lat' dir='ltr'>lv.</span> <span class='ocrx_word' id='word_1_3' title='bbox 580 275 619 322; x_wconf 82' lang='lat' dir='ltr'>DE</span> <span class='ocrx_word' id='word_1_4' title='bbox 643 273 791 322; x_wconf 76' lang='lat' dir='ltr'>Pauocflls</span> <span class='ocrx_word' id='word_1_5' title='bbox 1036 273 1091 328; x_wconf 76' lang='grc'>265</span> 
     </span>
    </p>
   </div>
   <div class='ocr_carea' id='block_1_2' title="bbox 110 472 1090 850">
    <p class='ocr_par' dir='ltr' id='par_1_2' title="bbox 110 472 1090 850">
     <span class='ocr_line' id='line_1_2' title="bbox 113 472 1090 554; baseline 0.006 -20"><span class='ocrx_word' id='word_1_6' title='bbox 113 472 395 554; x_wconf 86' lang='lat' dir='ltr'>annuntIendoque</span> <span class='ocrx_word' id='word_1_7' title='bbox 418 473 472 548; x_wconf 90' lang='lat' dir='ltr'>eis,</span> <span class='ocrx_word' id='word_1_8' title='bbox 502 493 573 537; x_wconf 90' lang='lat' dir='ltr'>oum</span> <span class='ocrx_word' id='word_1_9' title='bbox 600 473 753 538; x_wconf 88' lang='lat' dir='ltr'>brevitate</span> <span class='ocrx_word' id='word_1_10' title='bbox 785 475 817 537; x_wconf 93' lang='grc'>61</span> <span class='ocrx_word' id='word_1_11' title='bbox 847 472 999 538; x_wconf 73' lang='lat' dir='ltr'><strong>facilitate</strong></span> <span class='ocrx_word' id='word_1_12' title='bbox 1030 493 1090 540; x_wconf 90' lang='lat' dir='ltr'>ser-</span> 
     </span>
     <span class='ocr_line' id='line_1_3' title="bbox 113 570 1089 652; baseline 0.005 -20"><span class='ocrx_word' id='word_1_13' title='bbox 113 570 230 646; x_wconf 86' lang='lat' dir='ltr'><strong>monis,</strong></span> <span class='ocrx_word' id='word_1_14' title='bbox 247 571 335 645; x_wconf 87' lang='lat' dir='ltr'>vitia,</span> <span class='ocrx_word' id='word_1_15' title='bbox 350 590 428 652; x_wconf 90' lang='lat' dir='ltr'>quae</span> <span class='ocrx_word' id='word_1_16' title='bbox 444 589 495 634; x_wconf 91' lang='lat' dir='ltr'>eos</span> <span class='ocrx_word' id='word_1_17' title='bbox 511 571 675 637; x_wconf 86' lang='lat' dir='ltr'>declinare.</span> <span class='ocrx_word' id='word_1_18' title='bbox 688 572 720 633; x_wconf 93' lang='lat' dir='ltr'>et</span> <span class='ocrx_word' id='word_1_19' title='bbox 736 571 868 635; x_wconf 90' lang='lat' dir='ltr'>virtutes</span> <span class='ocrx_word' id='word_1_20' title='bbox 885 591 961 652; x_wconf 89' lang='lat' dir='ltr'>quas</span> <span class='ocrx_word' id='word_1_21' title='bbox 977 573 1089 638; x_wconf 88' lang='lat' dir='ltr'>sectari</span> 
     </span>
     <span class='ocr_line' id='line_1_4' title="bbox 112 668 1090 753; baseline 0.003 -22"><span class='ocrx_word' id='word_1_22' title='bbox 112 668 312 748; x_wconf 85' lang='lat' dir='ltr'>oporteat».</span> <span class='ocrx_word' id='word_1_23' title='bbox 337 668 378 732; x_wconf 83' lang='lat' dir='ltr'>at</span> <span class='ocrx_word' id='word_1_24' title='bbox 400 669 441 732; x_wconf 89' lang='lat' dir='ltr'>ab</span> <span class='ocrx_word' id='word_1_25' title='bbox 463 668 704 753; x_wconf 71' lang='lat' dir='ltr'>obligationibus</span> <span class='ocrx_word' id='word_1_26' title='bbox 734 669 931 752; x_wconf 84' lang='lat' dir='ltr'>praedIcandi</span> <span class='ocrx_word' id='word_1_27' title='bbox 954 673 986 734; x_wconf 87' lang='lat' dir='ltr'>et</span> <span class='ocrx_word' id='word_1_28' title='bbox 1008 672 1090 734; x_wconf 80' lang='lat' dir='ltr'>cate</span> 
     </span>
     <span class='ocr_line' id='line_1_5' title="bbox 110 765 1089 850; baseline 0.005 -23"><span class='ocrx_word' id='word_1_29' title='bbox 110 765 260 830; x_wconf 85' lang='lat' dir='ltr'>ehizandi</span> <span class='ocrx_word' id='word_1_30' title='bbox 284 765 367 830; x_wconf 90' lang='lat' dir='ltr'>baud</span> <span class='ocrx_word' id='word_1_31' title='bbox 391 767 498 830; x_wconf 81' lang='lat' dir='ltr'>eximit</span> <span class='ocrx_word' id='word_1_32' title='bbox 521 767 677 830; x_wconf 89' lang='lat' dir='ltr'>contraria</span> <span class='ocrx_word' id='word_1_33' title='bbox 706 766 907 844; x_wconf 78' lang='lat' dir='ltr'>consuetudo,</span> <span class='ocrx_word' id='word_1_34' title='bbox 934 787 1013 850; x_wconf 88' lang='lat' dir='ltr'>quae</span> <span class='ocrx_word' id='word_1_35' title='bbox 1039 769 1089 832; x_wconf 85' lang='lat' dir='ltr'>da-</span> 
     </span>
    </p>
   </div>
   <div class='ocr_carea' id='block_1_3' title="bbox 110 862 1089 1432">
    <p class='ocr_par' dir='ltr' id='par_1_3' title="bbox 110 862 1089 1432">
     <span class='ocr_line' id='line_1_6' title="bbox 111 862 1088 946; baseline 0.002 -21"><span class='ocrx_word' id='word_1_36' title='bbox 111 862 255 926; x_wconf 87' lang='lat' dir='ltr'>mnanda</span> <span class='ocrx_word' id='word_1_37' title='bbox 286 882 410 944; x_wconf 92' lang='lat' dir='ltr'>prorsus</span> <span class='ocrx_word' id='word_1_38' title='bbox 441 865 489 928; x_wconf 91' lang='lat' dir='ltr'>est</span> <span class='ocrx_word' id='word_1_39' title='bbox 520 863 648 927; x_wconf 88' lang='lat' dir='ltr'>dicenda</span> <span class='ocrx_word' id='word_1_40' title='bbox 674 863 851 945; x_wconf 76' lang='lat' dir='ltr'>corruptela</span> <span class='ocrx_word' id='word_1_41' title='bbox 883 864 957 946; x_wconf 80' lang='lat' dir='ltr'>(Cir.</span> <span class='ocrx_word' id='word_1_42' title='bbox 982 864 1088 930; x_wconf 84' lang='lat' dir='ltr'>Const.</span> 
     </span>
     <span class='ocr_line' id='line_1_7' title="bbox 110 959 1032 1046; baseline 0.003 -24"><span class='ocrx_word' id='word_1_43' title='bbox 110 959 224 1024; x_wconf 88' lang='lat' dir='ltr'>Innoc.</span> <span class='ocrx_word' id='word_1_44' title='bbox 240 961 329 1035; x_wconf 85' lang='lat' dir='ltr'>XIII,</span> <span class='ocrx_word' id='word_1_45' title='bbox 348 959 524 1041; x_wconf 81' lang='lat' dir='ltr'>Apostolicr&#39;</span> <span class='ocrx_word' id='word_1_46' title='bbox 539 962 719 1037; x_wconf 81' lang='lat' dir='ltr'>ministerii,</span> <span class='ocrx_word' id='word_1_47' title='bbox 740 963 780 1024; x_wconf 88' lang='lat'>13</span> <span class='ocrx_word' id='word_1_48' title='bbox 797 963 874 1026; x_wconf 90' lang='lat' dir='ltr'>Maii</span> <span class='ocrx_word' id='word_1_49' title='bbox 892 963 992 1046; x_wconf 82' lang='lat'>1723)</span> <span class='ocrx_word' id='word_1_50' title='bbox 1012 960 1032 1025; x_wconf 93' lang='lat'>¹.</span> 
     </span>
     <span class='ocr_line' id='line_1_8' title="bbox 161 1057 1089 1141; baseline 0.006 -21"><span class='ocrx_word' id='word_1_51' title='bbox 161 1059 240 1122; x_wconf 84' lang='lat'><strong>779.</strong></span> <span class='ocrx_word' id='word_1_52' title='bbox 264 1097 303 1106; x_wconf 95' lang='lat'>-—</span> <span class='ocrx_word' id='word_1_53' title='bbox 332 1059 389 1122; x_wconf 93' lang='lat' dir='ltr'>lll.</span> <span class='ocrx_word' id='word_1_54' title='bbox 407 1059 489 1124; x_wconf 81' lang='lat' dir='ltr'>Dies</span> <span class='ocrx_word' id='word_1_55' title='bbox 513 1057 1089 1141; x_wconf 59' lang='grc'>[631661666196611661616666166</span> 
     </span>
     <span class='ocr_line' id='line_1_9' title="bbox 110 1155 1089 1235; baseline 0.003 -18"><span class='ocrx_word' id='word_1_56' title='bbox 110 1155 206 1218; x_wconf 77' lang='lat' dir='ltr'>intra</span> <span class='ocrx_word' id='word_1_57' title='bbox 230 1155 452 1220; x_wconf 77' lang='lat' dir='ltr'>hebdomadam</span> <span class='ocrx_word' id='word_1_58' title='bbox 475 1157 678 1232; x_wconf 62' lang='lat' dir='ltr'>ornaverint,</span> <span class='ocrx_word' id='word_1_59' title='bbox 710 1161 740 1219; x_wconf 84' lang='lat' dir='ltr'>et</span> <span class='ocrx_word' id='word_1_60' title='bbox 762 1155 872 1235; x_wconf 68' lang='lat' dir='ltr'>futura</span> <span class='ocrx_word' id='word_1_61' title='bbox 887 1159 1089 1222; x_wconf 74' lang='lat' dir='ltr'>matramom&#39;u</span> 
     </span>
     <span class='ocr_line' id='line_1_10' title="bbox 110 1253 319 1318; baseline 0 -2"><span class='ocrx_word' id='word_1_62' title='bbox 110 1253 319 1318; x_wconf 81' lang='lat' dir='ltr'>denuntiare.</span> 
     </span>
     <span class='ocr_line' id='line_1_11' title="bbox 160 1350 1088 1432; baseline 0.002 -18"><span class='ocrx_word' id='word_1_63' title='bbox 160 1351 240 1415; x_wconf 85' lang='lat'><strong>780.</strong></span> <span class='ocrx_word' id='word_1_64' title='bbox 267 1389 309 1396; x_wconf 98' lang='lat'>—</span> <span class='ocrx_word' id='word_1_65' title='bbox 333 1351 387 1414; x_wconf 93' lang='lat' dir='ltr'>IV.</span> <span class='ocrx_word' id='word_1_66' title='bbox 405 1351 542 1416; x_wconf 84' lang='lat' dir='ltr'>Praesto</span> <span class='ocrx_word' id='word_1_67' title='bbox 558 1371 623 1414; x_wconf 84' lang='lat' dir='ltr'>esse</span> <span class='ocrx_word' id='word_1_68' title='bbox 639 1351 674 1414; x_wconf 82' lang='lat' dir='ltr'>irs</span> <span class='ocrx_word' id='word_1_69' title='bbox 690 1350 904 1416; x_wconf 64' lang='lat' dir='ltr'>&amp;momentis</span> <span class='ocrx_word' id='word_1_70' title='bbox 915 1351 1088 1432; x_wconf 80' lang='lat' dir='ltr'>Baptisma&#39;,</span> 
     </span>
    </p>
   </div>
   <div class='ocr_carea' id='block_1_4' title="bbox 108 1563 1087 3598">
    <p class='ocr_par' dir='ltr' id='par_1_4' title="bbox 108 1563 1086 2081">
     <span class='ocr_line' id='line_1_12' title="bbox 157 1563 1086 1634; baseline 0.005 -18"><span class='ocrx_word' id='word_1_71' title='bbox 157 1563 168 1597; x_wconf 80' lang='lat'>¹</span> <span class='ocrx_word' id='word_1_72' title='bbox 190 1564 258 1618; x_wconf 86' lang='lat' dir='ltr'>Non</span> <span class='ocrx_word' id='word_1_73' title='bbox 278 1568 373 1632; x_wconf 89' lang='lat' dir='ltr'>potest</span> <span class='ocrx_word' id='word_1_74' title='bbox 391 1566 529 1634; x_wconf 90' lang='lat' dir='ltr'>parochus</span> <span class='ocrx_word' id='word_1_75' title='bbox 545 1567 657 1620; x_wconf 88' lang='lat' dir='ltr'>solitam</span> <span class='ocrx_word' id='word_1_76' title='bbox 671 1565 879 1634; x_wconf 85' lang='lat' dir='ltr'>eleemosynam</span> <span class='ocrx_word' id='word_1_77' title='bbox 893 1566 1086 1634; x_wconf 80' lang='lat' dir='ltr'>praetendere,</span> 
     </span>
     <span class='ocr_line' id='line_1_13' title="bbox 109 1654 1085 1724; baseline 0.003 -17"><span class='ocrx_word' id='word_1_78' title='bbox 109 1671 210 1723; x_wconf 87' lang='lat' dir='ltr'>neque</span> <span class='ocrx_word' id='word_1_79' title='bbox 229 1654 314 1708; x_wconf 89' lang='lat' dir='ltr'>titulo</span> <span class='ocrx_word' id='word_1_80' title='bbox 333 1656 520 1724; x_wconf 87' lang='lat' dir='ltr'>paupertatis,</span> <span class='ocrx_word' id='word_1_81' title='bbox 540 1656 653 1724; x_wconf 90' lang='lat' dir='ltr'>quando</span> <span class='ocrx_word' id='word_1_82' title='bbox 673 1657 883 1724; x_wconf 88' lang='lat' dir='ltr'>perseipsum</span> <span class='ocrx_word' id='word_1_83' title='bbox 908 1655 937 1708; x_wconf 93' lang='lat' dir='ltr'>in</span> <span class='ocrx_word' id='word_1_84' title='bbox 961 1673 1012 1709; x_wconf 91' lang='lat' dir='ltr'>sua</span> <span class='ocrx_word' id='word_1_85' title='bbox 1034 1655 1085 1710; x_wconf 79' lang='lat' dir='ltr'>lde·</span> 
     </span>
     <span class='ocr_line' id='line_1_14' title="bbox 108 1745 1084 1814; baseline 0.001 -16"><span class='ocrx_word' id='word_1_86' title='bbox 108 1746 213 1809; x_wconf 84' lang='lat' dir='ltr'>closis,</span> <span class='ocrx_word' id='word_1_87' title='bbox 232 1745 263 1798; x_wconf 91' lang='lat' dir='ltr'>in</span> <span class='ocrx_word' id='word_1_88' title='bbox 283 1763 339 1813; x_wconf 87' lang='lat' dir='ltr'>qua</span> <span class='ocrx_word' id='word_1_89' title='bbox 354 1747 517 1814; x_wconf 85' lang='lat' dir='ltr'>praedicare</span> <span class='ocrx_word' id='word_1_90' title='bbox 530 1747 612 1813; x_wconf 87' lang='lat' dir='ltr'>solet,</span> <span class='ocrx_word' id='word_1_91' title='bbox 626 1747 713 1800; x_wconf 87' lang='lat' dir='ltr'>vellet</span> <span class='ocrx_word' id='word_1_92' title='bbox 725 1745 873 1800; x_wconf 88' lang='lat' dir='ltr'>conciones</span> <span class='ocrx_word' id='word_1_93' title='bbox 886 1745 1002 1809; x_wconf 88' lang='lat' dir='ltr'>hebere;</span> <span class='ocrx_word' id='word_1_94' title='bbox 1017 1745 1084 1814; x_wconf 88' lang='lat' dir='ltr'>quia</span> 
     </span>
     <span class='ocr_line' id='line_1_15' title="bbox 110 1833 1083 1904; baseline -0.002 -16"><span class='ocrx_word' id='word_1_95' title='bbox 110 1835 263 1902; x_wconf 88' lang='lat' dir='ltr'>proprium</span> <span class='ocrx_word' id='word_1_96' title='bbox 283 1851 383 1889; x_wconf 91' lang='lat' dir='ltr'>munus</span> <span class='ocrx_word' id='word_1_97' title='bbox 403 1835 552 1904; x_wconf 73' lang='lat' dir='ltr'>adimplet,</span> <span class='ocrx_word' id='word_1_98' title='bbox 573 1834 629 1889; x_wconf 90' lang='lat' dir='ltr'>nisi</span> <span class='ocrx_word' id='word_1_99' title='bbox 647 1836 677 1888; x_wconf 91' lang='lat' dir='ltr'>in</span> <span class='ocrx_word' id='word_1_100' title='bbox 697 1851 772 1902; x_wconf 87' lang='lat' dir='ltr'>casn,</span> <span class='ocrx_word' id='word_1_101' title='bbox 786 1851 841 1902; x_wconf 92' lang='lat' dir='ltr'>quo</span> <span class='ocrx_word' id='word_1_102' title='bbox 854 1834 1025 1889; x_wconf 79' lang='lat' dir='ltr'>universitas</span> <span class='ocrx_word' id='word_1_103' title='bbox 1038 1833 1083 1889; x_wconf 86' lang='lat' dir='ltr'>vel</span> 
     </span>
     <span class='ocr_line' id='line_1_16' title="bbox 109 1922 1085 1992; baseline 0.004 -18"><span class='ocrx_word' id='word_1_104' title='bbox 109 1923 280 1977; x_wconf 88' lang='lat' dir='ltr'>nominator</span> <span class='ocrx_word' id='word_1_105' title='bbox 299 1924 455 1990; x_wconf 88' lang='lat' dir='ltr'>paroehum</span> <span class='ocrx_word' id='word_1_106' title='bbox 474 1923 646 1990; x_wconf 81' lang='lat' dir='ltr'>deputasset,</span> <span class='ocrx_word' id='word_1_107' title='bbox 666 1927 716 1978; x_wconf 86' lang='lat' dir='ltr'>sut</span> <span class='ocrx_word' id='word_1_108' title='bbox 744 1927 845 1992; x_wconf 90' lang='lat' dir='ltr'>sponte</span> <span class='ocrx_word' id='word_1_109' title='bbox 864 1924 972 1978; x_wconf 89' lang='lat' dir='ltr'>solvere</span> <span class='ocrx_word' id='word_1_110' title='bbox 998 1922 1085 1978; x_wconf 89' lang='lat' dir='ltr'>vellet</span> 
     </span>
     <span class='ocr_line' id='line_1_17' title="bbox 109 2010 844 2081; baseline 0 -15"><span class='ocrx_word' id='word_1_111' title='bbox 109 2012 151 2072; x_wconf 84' lang='lat' dir='ltr'>(S.</span> <span class='ocrx_word' id='word_1_112' title='bbox 174 2010 207 2065; x_wconf 82' lang='lat'>0.</span> <span class='ocrx_word' id='word_1_113' title='bbox 229 2011 268 2078; x_wconf 71' lang='lat' dir='ltr'>a,</span> <span class='ocrx_word' id='word_1_114' title='bbox 288 2013 401 2067; x_wconf 75' lang='lat' dir='ltr'>solun.</span> <span class='ocrx_word' id='word_1_115' title='bbox 423 2014 500 2078; x_wconf 82' lang='lat'>1615,</span> <span class='ocrx_word' id='word_1_116' title='bbox 522 2029 566 2081; x_wconf 86' lang='lat' dir='ltr'>ap.</span> <span class='ocrx_word' id='word_1_117' title='bbox 588 2013 710 2078; x_wconf 84' lang='lat' dir='ltr'>Seavini,</span> <span class='ocrx_word' id='word_1_118' title='bbox 730 2013 751 2080; x_wconf 91' lang='lat'>1,</span> <span class='ocrx_word' id='word_1_119' title='bbox 771 2013 844 2075; x_wconf 79' lang='grc'>6381.</span> 
     </span>
    </p>

    <p class='ocr_par' dir='ltr' id='par_1_5' title="bbox 109 2104 1087 2433">
     <span class='ocr_line' id='line_1_18' title="bbox 157 2104 1087 2172; baseline -0.002 -14"><span class='ocrx_word' id='word_1_120' title='bbox 157 2104 188 2158; x_wconf 83' lang='lat' dir='ltr'>Si</span> <span class='ocrx_word' id='word_1_121' title='bbox 220 2105 417 2170; x_wconf 88' lang='lat' dir='ltr'>communitas,</span> <span class='ocrx_word' id='word_1_122' title='bbox 446 2105 491 2160; x_wconf 87' lang='lat' dir='ltr'>vel</span> <span class='ocrx_word' id='word_1_123' title='bbox 520 2105 649 2159; x_wconf 90' lang='lat' dir='ltr'>dominus</span> <span class='ocrx_word' id='word_1_124' title='bbox 681 2105 735 2158; x_wconf 90' lang='lat' dir='ltr'>loci</span> <span class='ocrx_word' id='word_1_125' title='bbox 764 2104 928 2172; x_wconf 87' lang='lat' dir='ltr'>temporalis</span> <span class='ocrx_word' id='word_1_126' title='bbox 957 2104 1087 2158; x_wconf 89' lang='lat' dir='ltr'>nominat</span> 
     </span>
     <span class='ocr_line' id='line_1_19' title="bbox 110 2191 1085 2264; baseline 0 -16"><span class='ocrx_word' id='word_1_127' title='bbox 110 2194 342 2262; x_wconf 87' lang='lat' dir='ltr'>praedicatorem</span> <span class='ocrx_word' id='word_1_128' title='bbox 353 2191 446 2260; x_wconf 81' lang='lat' dir='ltr'>(salva</span> <span class='ocrx_word' id='word_1_129' title='bbox 460 2194 664 2264; x_wconf 81' lang='lat' dir='ltr'>approbatione</span> <span class='ocrx_word' id='word_1_130' title='bbox 675 2194 819 2263; x_wconf 83' lang='lat' dir='ltr'>Episcopi)</span> <span class='ocrx_word' id='word_1_131' title='bbox 831 2199 860 2249; x_wconf 92' lang='lat' dir='ltr'>et</span> <span class='ocrx_word' id='word_1_132' title='bbox 873 2194 958 2248; x_wconf 89' lang='lat' dir='ltr'>solvit</span> <span class='ocrx_word' id='word_1_133' title='bbox 969 2194 1085 2248; x_wconf 86' lang='lat' dir='ltr'>eleemo-</span> 
     </span>
     <span class='ocr_line' id='line_1_20' title="bbox 109 2281 1079 2350; baseline 0 -16"><span class='ocrx_word' id='word_1_134' title='bbox 109 2299 227 2350; x_wconf 82' lang='lat' dir='ltr'>synam,</span> <span class='ocrx_word' id='word_1_135' title='bbox 248 2283 421 2338; x_wconf 85' lang='lat' dir='ltr'>consuetudo</span> <span class='ocrx_word' id='word_1_136' title='bbox 442 2282 621 2337; x_wconf 88' lang='lat' dir='ltr'>observanda</span> <span class='ocrx_word' id='word_1_137' title='bbox 641 2287 684 2337; x_wconf 89' lang='lat' dir='ltr'>est</span> <span class='ocrx_word' id='word_1_138' title='bbox 704 2281 743 2347; x_wconf 79' lang='lat' dir='ltr'>(S.</span> <span class='ocrx_word' id='word_1_139' title='bbox 764 2281 793 2336; x_wconf 83' lang='lat' dir='ltr'>O.</span> <span class='ocrx_word' id='word_1_140' title='bbox 815 2281 856 2346; x_wconf 79' lang='lat' dir='ltr'>E,</span> <span class='ocrx_word' id='word_1_141' title='bbox 880 2283 895 2335; x_wconf 82' lang='lat'><strong>7</strong></span> <span class='ocrx_word' id='word_1_142' title='bbox 915 2281 994 2335; x_wconf 78' lang='lat' dir='ltr'>Febr.</span> <span class='ocrx_word' id='word_1_143' title='bbox 1011 2281 1079 2334; x_wconf 84' lang='grc'>1615</span> 
     </span>
     <span class='ocr_line' id='line_1_21' title="bbox 111 2369 440 2433; baseline 0.003 -9"><span class='ocrx_word' id='word_1_144' title='bbox 111 2369 139 2424; x_wconf 83' lang='lat' dir='ltr'>S.</span> <span class='ocrx_word' id='word_1_145' title='bbox 163 2370 193 2424; x_wconf 84' lang='lat' dir='ltr'>G.</span> <span class='ocrx_word' id='word_1_146' title='bbox 217 2369 327 2424; x_wconf 80' lang='lat' dir='ltr'>C..lun.</span> <span class='ocrx_word' id='word_1_147' title='bbox 350 2371 440 2433; x_wconf 82' lang='grc'>1696).</span> 
     </span>
    </p>

    <p class='ocr_par' dir='ltr' id='par_1_6' title="bbox 108 2459 1084 2887">
     <span class='ocr_line' id='line_1_22' title="bbox 158 2459 1083 2529; baseline 0 -16"><span class='ocrx_word' id='word_1_148' title='bbox 158 2459 292 2523; x_wconf 83' lang='lat' dir='ltr'>Parochi,</span> <span class='ocrx_word' id='word_1_149' title='bbox 313 2459 418 2529; x_wconf 90' lang='lat' dir='ltr'>aliique</span> <span class='ocrx_word' id='word_1_150' title='bbox 439 2461 542 2529; x_wconf 87' lang='lat' dir='ltr'>quibus</span> <span class='ocrx_word' id='word_1_151' title='bbox 561 2461 701 2515; x_wconf 87' lang='lat' dir='ltr'>incumbit</span> <span class='ocrx_word' id='word_1_152' title='bbox 719 2459 917 2528; x_wconf 88' lang='lat' dir='ltr'>principaliter</span> <span class='ocrx_word' id='word_1_153' title='bbox 937 2477 1004 2513; x_wconf 85' lang='lat' dir='ltr'>cure</span> <span class='ocrx_word' id='word_1_154' title='bbox 1027 2459 1083 2525; x_wconf 90' lang='lat' dir='ltr'>ani;</span> 
     </span>
     <span class='ocr_line' id='line_1_23' title="bbox 109 2549 1084 2617; baseline -0.002 -13"><span class='ocrx_word' id='word_1_155' title='bbox 109 2565 236 2610; x_wconf 84' lang='lat' dir='ltr'>marum,</span> <span class='ocrx_word' id='word_1_156' title='bbox 256 2551 386 2617; x_wconf 88' lang='lat' dir='ltr'>quamvis</span> <span class='ocrx_word' id='word_1_157' title='bbox 407 2550 457 2604; x_wconf 89' lang='lat' dir='ltr'>alii</span> <span class='ocrx_word' id='word_1_158' title='bbox 477 2550 572 2604; x_wconf 82' lang='lat' dir='ltr'>adsint</span> <span class='ocrx_word' id='word_1_159' title='bbox 592 2549 752 2604; x_wconf 85' lang='lat' dir='ltr'>sacerdotes</span> <span class='ocrx_word' id='word_1_160' title='bbox 773 2551 808 2603; x_wconf 88' lang='lat' dir='ltr'>ad</span> <span class='ocrx_word' id='word_1_161' title='bbox 834 2568 880 2605; x_wconf 90' lang='lat' dir='ltr'>eos</span> <span class='ocrx_word' id='word_1_162' title='bbox 910 2549 1084 2606; x_wconf 85' lang='lat' dir='ltr'>adiuvandos</span> 
     </span>
     <span class='ocr_line' id='line_1_24' title="bbox 110 2639 1084 2709; baseline 0 -15"><span class='ocrx_word' id='word_1_163' title='bbox 110 2640 159 2694; x_wconf 88' lang='lat' dir='ltr'>vel</span> <span class='ocrx_word' id='word_1_164' title='bbox 180 2639 268 2708; x_wconf 82' lang='lat' dir='ltr'>certis</span> <span class='ocrx_word' id='word_1_165' title='bbox 288 2639 387 2694; x_wconf 88' lang='lat' dir='ltr'>diebus</span> <span class='ocrx_word' id='word_1_166' title='bbox 407 2657 502 2694; x_wconf 88' lang='lat' dir='ltr'>curam</span> <span class='ocrx_word' id='word_1_167' title='bbox 522 2641 715 2704; x_wconf 86' lang='lat' dir='ltr'>exercendam,</span> <span class='ocrx_word' id='word_1_168' title='bbox 726 2644 860 2695; x_wconf 86' lang='lat' dir='ltr'>tenentur</span> <span class='ocrx_word' id='word_1_169' title='bbox 879 2640 1084 2709; x_wconf 74' lang='lat' dir='ltr'>praedicasset</span> 
     </span>
     <span class='ocr_line' id='line_1_25' title="bbox 108 2728 1083 2798; baseline -0.003 -13"><span class='ocrx_word' id='word_1_170' title='bbox 108 2729 260 2798; x_wconf 88' lang='lat' dir='ltr'>explicare</span> <span class='ocrx_word' id='word_1_171' title='bbox 279 2730 482 2783; x_wconf 85' lang='lat' dir='ltr'>catechismum</span> <span class='ocrx_word' id='word_1_172' title='bbox 502 2747 553 2798; x_wconf 91' lang='lat' dir='ltr'>per</span> <span class='ocrx_word' id='word_1_173' title='bbox 573 2729 691 2797; x_wconf 88' lang='lat' dir='ltr'>seipsos</span> <span class='ocrx_word' id='word_1_174' title='bbox 707 2730 836 2784; x_wconf 89' lang='lat' dir='ltr'>omnibus</span> <span class='ocrx_word' id='word_1_175' title='bbox 850 2729 948 2783; x_wconf 91' lang='lat' dir='ltr'>diebus</span> <span class='ocrx_word' id='word_1_176' title='bbox 963 2728 1083 2793; x_wconf 82' lang='lat' dir='ltr'>festivis,</span> 
     </span>
     <span class='ocr_line' id='line_1_26' title="bbox 109 2817 1083 2887; baseline -0.004 -15"><span class='ocrx_word' id='word_1_177' title='bbox 109 2819 168 2873; x_wconf 87' lang='lat' dir='ltr'>nisi</span> <span class='ocrx_word' id='word_1_178' title='bbox 180 2818 240 2871; x_wconf 89' lang='lat' dir='ltr'>sint</span> <span class='ocrx_word' id='word_1_179' title='bbox 251 2818 378 2887; x_wconf 77' lang='lat' dir='ltr'>legitime</span> <span class='ocrx_word' id='word_1_180' title='bbox 392 2817 522 2886; x_wconf 85' lang='lat' dir='ltr'>impediti</span> <span class='ocrx_word' id='word_1_181' title='bbox 533 2817 572 2884; x_wconf 85' lang='lat' dir='ltr'>(S.</span> <span class='ocrx_word' id='word_1_182' title='bbox 580 2817 655 2881; x_wconf 74' lang='lat' dir='ltr'>od,</span> <span class='ocrx_word' id='word_1_183' title='bbox 666 2818 683 2872; x_wconf 89' lang='grc'>8</span> <span class='ocrx_word' id='word_1_184' title='bbox 693 2819 762 2873; x_wconf 87' lang='lat' dir='ltr'>Maii</span> <span class='ocrx_word' id='word_1_185' title='bbox 777 2819 844 2874; x_wconf 79' lang='lat'>1706</span> <span class='ocrx_word' id='word_1_186' title='bbox 854 2841 860 2882; x_wconf 89' lang='lat'><strong>;</strong></span> <span class='ocrx_word' id='word_1_187' title='bbox 871 2819 904 2873; x_wconf 72' lang='lat'>28</span> <span class='ocrx_word' id='word_1_188' title='bbox 915 2821 981 2886; x_wconf 91' lang='lat' dir='ltr'>Apr.</span> <span class='ocrx_word' id='word_1_189' title='bbox 994 2819 1083 2883; x_wconf 83' lang='lat'><strong>1736).</strong></span> 
     </span>
    </p>

    <p class='ocr_par' dir='ltr' id='par_1_7' title="bbox 108 2907 1085 3244">
     <span class='ocr_line' id='line_1_27' title="bbox 158 2907 1083 2977; baseline 0.002 -17"><span class='ocrx_word' id='word_1_190' title='bbox 158 2907 308 2962; x_wconf 83' lang='lat' dir='ltr'>Tenentur</span> <span class='ocrx_word' id='word_1_191' title='bbox 319 2909 433 2977; x_wconf 81' lang='lat' dir='ltr'>parochi</span> <span class='ocrx_word' id='word_1_192' title='bbox 444 2909 542 2962; x_wconf 89' lang='lat' dir='ltr'>diebus</span> <span class='ocrx_word' id='word_1_193' title='bbox 562 2909 710 2963; x_wconf 84' lang='lat' dir='ltr'>dominicis</span> <span class='ocrx_word' id='word_1_194' title='bbox 732 2912 761 2963; x_wconf 94' lang='lat' dir='ltr'>et</span> <span class='ocrx_word' id='word_1_195' title='bbox 774 2909 855 2962; x_wconf 82' lang='lat' dir='ltr'>lestis</span> <span class='ocrx_word' id='word_1_196' title='bbox 878 2908 912 2962; x_wconf 88' lang='lat' dir='ltr'>de</span> <span class='ocrx_word' id='word_1_197' title='bbox 931 2911 1083 2976; x_wconf 88' lang='lat' dir='ltr'>praecepto</span> 
     </span>
     <span class='ocr_line' id='line_1_28' title="bbox 110 2997 1083 3067; baseline -0.003 -15"><span class='ocrx_word' id='word_1_198' title='bbox 110 2998 221 3067; x_wconf 88' lang='lat' dir='ltr'>populo</span> <span class='ocrx_word' id='word_1_199' title='bbox 242 3014 400 3051; x_wconf 87' lang='lat' dir='ltr'>sermonem</span> <span class='ocrx_word' id='word_1_200' title='bbox 414 2998 527 3062; x_wconf 85' lang='lat' dir='ltr'>habere,</span> <span class='ocrx_word' id='word_1_201' title='bbox 541 2999 621 3052; x_wconf 87' lang='lat' dir='ltr'>iuxta</span> <span class='ocrx_word' id='word_1_202' title='bbox 633 2997 716 3053; x_wconf 85' lang='lat' dir='ltr'>Cone.</span> <span class='ocrx_word' id='word_1_203' title='bbox 729 2998 807 3052; x_wconf 84' lang='lat' dir='ltr'>Trid.</span> <span class='ocrx_word' id='word_1_204' title='bbox 818 2997 1083 3066; x_wconf 89' lang='lat' dir='ltr'>praescriptionem;</span> 
     </span>
     <span class='ocr_line' id='line_1_29' title="bbox 109 3085 1085 3156; baseline -0.004 -14"><span class='ocrx_word' id='word_1_205' title='bbox 109 3091 246 3142; x_wconf 85' lang='lat' dir='ltr'>attamen</span> <span class='ocrx_word' id='word_1_206' title='bbox 265 3087 319 3141; x_wconf 90' lang='lat' dir='ltr'>erit</span> <span class='ocrx_word' id='word_1_207' title='bbox 339 3087 507 3154; x_wconf 88' lang='lat' dir='ltr'>prudentiae</span> <span class='ocrx_word' id='word_1_208' title='bbox 526 3088 659 3156; x_wconf 84' lang='lat' dir='ltr'>Episcopi</span> <span class='ocrx_word' id='word_1_209' title='bbox 679 3089 843 3155; x_wconf 88' lang='lat' dir='ltr'>dispensare</span> <span class='ocrx_word' id='word_1_210' title='bbox 856 3088 892 3140; x_wconf 91' lang='lat' dir='ltr'>ab</span> <span class='ocrx_word' id='word_1_211' title='bbox 905 3088 958 3140; x_wconf 84' lang='lat' dir='ltr'>hac</span> <span class='ocrx_word' id='word_1_212' title='bbox 971 3085 1085 3139; x_wconf 85' lang='lat' dir='ltr'>ordina·</span> 
     </span>
     <span class='ocr_line' id='line_1_30' title="bbox 108 3174 1056 3244; baseline -0.003 -13"><span class='ocrx_word' id='word_1_213' title='bbox 108 3177 192 3231; x_wconf 88' lang='lat' dir='ltr'>tione</span> <span class='ocrx_word' id='word_1_214' title='bbox 203 3175 233 3228; x_wconf 93' lang='lat' dir='ltr'>in</span> <span class='ocrx_word' id='word_1_215' title='bbox 245 3175 385 3244; x_wconf 88' lang='lat' dir='ltr'>aliquibus</span> <span class='ocrx_word' id='word_1_216' title='bbox 398 3176 610 3230; x_wconf 90' lang='lat' dir='ltr'>solemnioribus</span> <span class='ocrx_word' id='word_1_217' title='bbox 622 3177 720 3230; x_wconf 87' lang='lat' dir='ltr'>diebus</span> <span class='ocrx_word' id='word_1_218' title='bbox 730 3175 770 3242; x_wconf 86' lang='lat' dir='ltr'>(S.</span> <span class='ocrx_word' id='word_1_219' title='bbox 780 3175 807 3229; x_wconf 83' lang='lat' dir='ltr'>C.</span> <span class='ocrx_word' id='word_1_220' title='bbox 819 3175 856 3237; x_wconf 76' lang='grc'>0.,</span> <span class='ocrx_word' id='word_1_221' title='bbox 869 3176 956 3244; x_wconf 83' lang='lat' dir='ltr'>lApr.</span> <span class='ocrx_word' id='word_1_222' title='bbox 968 3174 1056 3238; x_wconf 79' lang='lat'><strong>1876).</strong></span> 
     </span>
    </p>

    <p class='ocr_par' dir='ltr' id='par_1_8' title="bbox 109 3264 1084 3598">
     <span class='ocr_line' id='line_1_31' title="bbox 158 3264 1084 3334; baseline 0.001 -16"><span class='ocrx_word' id='word_1_223' title='bbox 158 3265 205 3318; x_wconf 85' lang='lat' dir='ltr'>An</span> <span class='ocrx_word' id='word_1_224' title='bbox 226 3264 350 3333; x_wconf 84' lang='lat' dir='ltr'>parochi,</span> <span class='ocrx_word' id='word_1_225' title='bbox 370 3264 538 3334; x_wconf 88' lang='lat' dir='ltr'>inquorum</span> <span class='ocrx_word' id='word_1_226' title='bbox 566 3265 709 3332; x_wconf 83' lang='lat' dir='ltr'>Ecclesiis,</span> <span class='ocrx_word' id='word_1_227' title='bbox 738 3269 864 3334; x_wconf 90' lang='lat' dir='ltr'>tempore</span> <span class='ocrx_word' id='word_1_228' title='bbox 885 3265 1029 3318; x_wconf 86' lang='lat' dir='ltr'>Adventus</span> <span class='ocrx_word' id='word_1_229' title='bbox 1055 3268 1084 3319; x_wconf 93' lang='lat' dir='ltr'>et</span> 
     </span>
     <span class='ocr_line' id='line_1_32' title="bbox 109 3351 1082 3420; baseline -0.002 -13"><span class='ocrx_word' id='word_1_230' title='bbox 109 3353 365 3420; x_wconf 75' lang='lat' dir='ltr'>Quadi-agerimae,</span> <span class='ocrx_word' id='word_1_231' title='bbox 387 3351 528 3406; x_wconf 87' lang='lat' dir='ltr'>habentur</span> <span class='ocrx_word' id='word_1_232' title='bbox 547 3369 644 3406; x_wconf 87' lang='lat' dir='ltr'>sacrae</span> <span class='ocrx_word' id='word_1_233' title='bbox 668 3353 817 3406; x_wconf 88' lang='lat' dir='ltr'>conciones</span> <span class='ocrx_word' id='word_1_234' title='bbox 847 3369 896 3420; x_wconf 88' lang='lat' dir='ltr'>per</span> <span class='ocrx_word' id='word_1_235' title='bbox 921 3368 1082 3419; x_wconf 87' lang='lat' dir='ltr'>praecones,</span> 
     </span>
     <span class='ocr_line' id='line_1_33' title="bbox 110 3439 1083 3508; baseline -0.002 -12"><span class='ocrx_word' id='word_1_236' title='bbox 110 3441 148 3496; x_wconf 85' lang='lat' dir='ltr'>ab</span> <span class='ocrx_word' id='word_1_237' title='bbox 170 3441 320 3495; x_wconf 81' lang='lat' dir='ltr'>Ordinatio</span> <span class='ocrx_word' id='word_1_238' title='bbox 341 3441 521 3508; x_wconf 85' lang='lat' dir='ltr'>approbatos,</span> <span class='ocrx_word' id='word_1_239' title='bbox 542 3441 627 3495; x_wconf 89' lang='lat' dir='ltr'>soluti</span> <span class='ocrx_word' id='word_1_240' title='bbox 647 3441 704 3495; x_wconf 89' lang='lat' dir='ltr'>sint</span> <span class='ocrx_word' id='word_1_241' title='bbox 723 3441 898 3507; x_wconf 73' lang='lat' dir='ltr'>obligatione</span> <span class='ocrx_word' id='word_1_242' title='bbox 924 3441 954 3493; x_wconf 93' lang='lat' dir='ltr'>in</span> <span class='ocrx_word' id='word_1_243' title='bbox 979 3439 1083 3494; x_wconf 85' lang='lat' dir='ltr'>missae</span> 
     </span>
     <span class='ocr_line' id='line_1_34' title="bbox 111 3525 1083 3598; baseline -0.004 -14"><span class='ocrx_word' id='word_1_244' title='bbox 111 3527 287 3598; x_wconf 85' lang='lat' dir='ltr'>parochialis</span> <span class='ocrx_word' id='word_1_245' title='bbox 301 3528 492 3582; x_wconf 88' lang='lat' dir='ltr'>celebratione</span> <span class='ocrx_word' id='word_1_246' title='bbox 505 3527 667 3596; x_wconf 86' lang='lat' dir='ltr'>explicandi</span> <span class='ocrx_word' id='word_1_247' title='bbox 677 3527 888 3597; x_wconf 80' lang='lat' dir='ltr'>Evangeliuml</span> <span class='ocrx_word' id='word_1_248' title='bbox 904 3527 935 3580; x_wconf 80' lang='lat' dir='ltr'>a.</span> <span class='ocrx_word' id='word_1_249' title='bbox 952 3525 962 3550; x_wconf 71' lang='lat'>⁸</span> <span class='ocrx_word' id='word_1_250' title='bbox 977 3525 1083 3588; x_wconf 85' lang='lat' dir='ltr'>Dilata,</span> 
     </span>
    </p>
   </div>
   <div class='ocr_carea' id='block_1_5' title="bbox 109 3616 1079 3774">
    <p class='ocr_par' dir='ltr' id='par_1_9' title="bbox 109 3616 1079 3774">
     <span class='ocr_line' id='line_1_35' title="bbox 109 3616 1079 3688; baseline -0.003 -14"><span class='ocrx_word' id='word_1_251' title='bbox 109 3624 142 3675; x_wconf 90' lang='lat' dir='ltr'>et</span> <span class='ocrx_word' id='word_1_252' title='bbox 171 3636 223 3688; x_wconf 88' lang='lat' dir='ltr'>pro</span> <span class='ocrx_word' id='word_1_253' title='bbox 251 3635 326 3672; x_wconf 89' lang='lat' dir='ltr'>nnnc</span> <span class='ocrx_word' id='word_1_254' title='bbox 358 3622 485 3672; x_wconf 87' lang='lat' dir='ltr'>servetur</span> <span class='ocrx_word' id='word_1_255' title='bbox 516 3618 690 3674; x_wconf 87' lang='lat' dir='ltr'>consuetudo</span> <span class='ocrx_word' id='word_1_256' title='bbox 722 3617 872 3672; x_wconf 90' lang='lat' dir='ltr'>cuiuslibet</span> <span class='ocrx_word' id='word_1_257' title='bbox 904 3616 1079 3685; x_wconf 86' lang='lat' dir='ltr'>paroeciae,</span> 
     </span>
     <span class='ocr_line' id='line_1_36' title="bbox 110 3705 1003 3774; baseline -0.006 -10"><span class='ocrx_word' id='word_1_258' title='bbox 110 3709 153 3774; x_wconf 78' lang='lat' dir='ltr'>(S.</span> <span class='ocrx_word' id='word_1_259' title='bbox 175 3708 203 3762; x_wconf 80' lang='grc'>6.</span> <span class='ocrx_word' id='word_1_260' title='bbox 225 3707 264 3769; x_wconf 81' lang='grc'>6.,</span> <span class='ocrx_word' id='word_1_261' title='bbox 284 3709 318 3762; x_wconf 85' lang='grc'>29</span> <span class='ocrx_word' id='word_1_262' title='bbox 338 3707 421 3762; x_wconf 89' lang='lat' dir='ltr'>Mart.</span> <span class='ocrx_word' id='word_1_263' title='bbox 443 3707 533 3774; x_wconf 78' lang='lat'>1817).</span> <span class='ocrx_word' id='word_1_264' title='bbox 1000 3705 1003 3713; x_wconf 84' lang='lat'>&#39;</span> 
     </span>
    </p>
   </div>
   <div class='ocr_carea' id='block_1_6' title="bbox 0 0 1380 4270">
    <p class='ocr_par' dir='ltr' id='par_1_10' title="bbox 0 0 1380 4270">
     <span class='ocr_line' id='line_1_37' title="bbox 0 0 1380 4270; baseline 0 0"><span class='ocrx_word' id='word_1_265' title='bbox 0 0 1380 4270; x_wconf 95' lang='lat' dir='ltr'> </span> 
     </span>
    </p>
   </div>
  </div>
 </body>
</html>
