2758 4270
209 291 212 296 .
304 247 357 303 338
582 253 757 300 moronus
780 253 819 299 DE
843 253 990 300 sansonis

304 449 435 530 dcanne
458 449 502 512 eis
526 448 587 512 luit
608 449 804 514 discretionis
827 467 863 512 ac
886 448 1069 530 prudentiae
1093 467 1214 524 norma,
1235 451 1268 512 ut

304 565 378 611 suos
401 547 541 612 subditos
564 547 624 610 rite
654 549 820 628 sancteque
851 547 953 627 quoad
976 546 1149 628 peculiares
1172 548 1269 628 poeui-

305 645 421 709 tentias
443 663 479 708 ac
502 645 565 708 alia
588 645 715 726 pletatis
738 663 831 726 opera
854 645 1044 727 diuigcreut;
1069 644 1124 708 sed
1148 644 1268 708 ethaeo
1357 675 1358 682 κ

305 761 358 825 per
381 742 561 806 abusionem
584 745 708 805 extensa
734 743 765 805 iu
789 742 820 805 id
844 743 941 806 etiarn
964 742 1099 817 crstItIt,
1124 744 1162 806 ut
1177 744 1219 806 eis
1233 742 1268 806 ad

304 839 431 903 Sacram
455 839 602 922 Synarim
625 837 768 902 accedere
792 839 842 902 vel
863 857 919 920 pro
941 839 1046 902 lubitu
1066 839 1267 920 permiserint.

306 937 353 1000 rel
378 937 502 1002 omuino
526 935 681 1000 interdum
712 936 937 1016 prohibuerint.
968 935 1050 998 Hiuc
1072 934 1194 1000 lactum
1215 939 1266 1010 est,

267 1094 270 1100 ,
304 1037 341 1098 ut
364 1035 541 1098 huiusmodi
564 1034 792 1116 dispositiones,
809 1053 888 1115 quac
903 1034 942 1097 ad
964 1034 1162 1115 spiritualem
1177 1035 1266 1098 ulum·

304 1151 415 1197 norum
435 1132 617 1214 profectum,
634 1132 722 1195 etad
745 1132 878 1195 unitatis
897 1151 1003 1213 pacem
1024 1133 1056 1195 et
1075 1132 1265 1196 concordIam

303 1231 336 1294 in
359 1231 636 1296 communitatibus
651 1231 833 1294 servandam
850 1229 1076 1312 fovendamque
1092 1231 1267 1310 salutariter

303 1348 341 1392 ac
363 1330 518 1410 sapienter
540 1329 728 1417 constitutae
751 1329 814 1392 lam
831 1328 964 1403 fucrant,
977 1328 1061 1392 haud
1076 1347 1150 1393 raro
1164 1330 1196 1392 in
1211 1329 1267 1392 ani·

305 1443 427 1490 mamm
461 1425 635 1501 discrimen,
658 1426 690 1488 iu
721 1425 980 1490 couscientiamm
1012 1426 1214 1498 auxietatem,
1235 1444 1266 1488 ac

304 1524 430 1605 iusuper
452 1523 484 1585 in
507 1525 648 1592 externae
671 1523 755 1604 pacis
780 1523 990 1586 turbationem
1015 1542 1123 1586 versae
1146 1524 1264 1598 fuerim,
1359 1519 1360 1530 ³

303 1641 360 1686 ceu
385 1622 579 1685 sudetorum
602 1639 745 1684 recursus
768 1622 802 1684 et
830 1621 1063 1702 quaerimoniae
1093 1621 1209 1702 passim
1231 1619 1265 1684 ad

305 1718 336 1784 S.
368 1717 477 1782 Sedena
508 1718 687 1782 interiectae
721 1718 952 1782 evidentissime
982 1719 1197 1800 comprobant.
1227 1753 1264 1764 -

303 1816 407 1897 Quare
431 1817 487 1881 SS.
511 1817 550 1878 D.
574 1815 613 1879 N.
638 1815 700 1880 Leo
724 1816 828 1880 diviua
860 1816 1054 1898 providentia
1085 1816 1171 1898 Papa
1194 1815 1264 1879 XIII

305 1933 360 1997 pro
383 1933 429 1988 ea,
454 1933 516 1996 qua
538 1915 678 1995 praestat
692 1932 766 1996 erga
782 1913 986 1978 lectissimam
999 1914 1079 1977 hanc
1095 1915 1145 1978 sni
1167 1913 1263 1998 gregis
1360 1923 1361 1990 i

305 2012 489 2094 portionem,
514 2011 660 2093 peculiari
683 2011 908 2096 sollicitudine„
927 2013 958 2075 iu
983 2011 1144 2075 audientia
1165 2011 1263 2074 habita

304 2130 324 2173 a
348 2129 397 2172 me
420 2107 577 2173 Oardinali
608 2108 767 2173 Praefecto
790 2108 823 2174 S.
848 2107 962 2192 Cougr.
985 2109 1047 2172 EII.
1072 2110 1105 2172 ot
1128 2109 1194 2172 BR.
1217 2125 1263 2170 ne·

304 2207 400 2296 gotiis
416 2208 448 2269 et
463 2206 743 2269 consultationibus
758 2207 953 2288 praepositae
968 2206 1018 2269 dic
1033 2207 1074 2268 14
1088 2205 1160 2268 Dec.
1176 2204 1263 2278 1890,

305 2305 448 2369 omnibus
471 2303 577 2367 sedulo
601 2303 826 2386 diligenterque
849 2305 1016 2386 perpensis,
1040 2303 1117 2367 haec
1132 2322 1209 2385 quac
1223 2321 1264 2366 se·
1361 2337 1362 2366 ;

303 2404 444 2484 qunntur
468 2401 579 2476 nolluit,
603 2401 776 2469 coustituit.
800 2405 896 2483 atquc
919 2402 1084 2466 decrevit..

350 2499 425 2563 983.
441 2535 481 2544 -
498 2498 522 2562 I.
538 2523 555 2556 a
571 2497 728 2562 SauctItas
744 2497 806 2562 Sua
822 2500 937 2574 irritat,
955 2501 1099 2584 abrogat,
1117 2499 1266 2564 etnnllius

304 2599 337 2661 in
361 2597 519 2678 posterum
542 2595 662 2660 roboris
678 2595 815 2660 declarat
827 2615 1038 2678 quascumque
1054 2597 1266 2679 dispositiones

303 2693 585 2768 Constitutionum
609 2693 730 2774 piamm
755 2693 948 2760 Societatem
965 2695 1189 2760 Institutorum
1206 2713 1266 2758 mu·

305 2793 428 2868 lictum,
451 2791 515 2855 siue
539 2792 681 2854 votorum
704 2791 890 2873 slmplicinm
915 2793 981 2856 sire
1004 2793 1202 2868 solemnium,
1218 2809 1266 2856 nee

306 2907 367 2955 nou
391 2890 530 2953 virorum
564 2889 736 2952 omnimode
759 2889 920 2965 laicorum,
945 2891 1005 2954 etsi
1028 2891 1130 2955 dictae
1154 2889 1267 2955 Consti·

305 2988 444 3054 tutiones
456 2986 708 3069 approbationem
724 2987 764 3051 ab
772 2987 951 3069 apostolica
961 2987 1036 3052 Sede
1052 2989 1227 3062 retulerim,
1239 2987 1266 3050 iu

306 3086 404 3150 forma
428 3102 632 3166 quacumque,
656 3083 751 3164 etiam
776 3103 869 3165 quam
892 3086 982 3150 aiunt
1005 3087 1267 3168 specialiseumam,
1331 3123 1334 3132 ‚

306 3184 338 3248 iu
362 3201 397 3248 eo
421 3182 549 3256 sciIIcet,
565 3181 647 3263 quod
663 3183 764 3246 cordIs
779 3185 811 3246 et
826 3184 1029 3248 conscientiae
1043 3185 1191 3249 intimam
1206 3202 1268 3248 ma·

306 3282 538 3346 uilestatiouem
563 3281 786 3362 quovismodo
810 3301 846 3346 ac
869 3283 991 3346 nomine
1019 3284 1200 3366 respiciunt.
1223 3282 1268 3346 Ita

306 3380 469 3461 propterea
493 3377 572 3441 serio
594 3377 732 3460 iniungit
762 3378 1009 3443 moderatoribus
1033 3397 1070 3444 ac
1092 3378 1268 3445 moderatri·

304 3471 395 3538 cibus
418 3474 595 3539 huiusmodi
618 3475 851 3552 lustItutomm
868 3474 1155 3560 Congregationum
1171 3497 1206 3542 uc
1221 3475 1268 3542 Se

305 3573 469 3647 cietatum,
493 3574 530 3636 ut
553 3591 588 3636 er
612 3573 744 3655 propriis
767 3571 1063 3650 Constitutiouibus‚
1081 3574 1265 3646 Directoriis

305 3687 345 3730 ac
360 3668 559 3734 Manualibus
574 3669 957 3753 praefataeuspositunes
969 3672 1096 3738 omniuo
1112 3672 1265 3738 deleantur
