2812 4268
265 275 330 322 cAP.
356 275 385 322 V.
411 275 451 322 DE
475 276 575 325 REBUS
599 274 712 335 SACRI&
736 275 858 323 SANG'I'IS
881 276 919 323 ΕΤ
941 277 1044 324 RELIG·
1090 273 1144 329 403

124 522 127 526 .
169 473 331 565 cularibns
354 471 512 538 Clericis...
538 472 775 562 districtissime
789 473 997 556 prohibemns,
1022 492 1059 536 ne
1086 475 1144 540 ali·

171 589 251 652 ques
274 569 314 634 ad
337 570 510 635 vovendum
535 570 685 638 inducant
707 571 744 636 t
766 569 849 653 apud
872 588 977 634 eornm
1001 571 1144 638 ecclesias

170 668 367 778 sepulturam
391 668 454 751 clig
434 669 520 745 etan,
546 667 626 732 rel
618 687 682 734 ram
705 667 784 732 elect
785 685 834 732 am
860 667 909 732 ult
910 668 993 732 erius
1008 686 1070 732 non
1084 669 1144 734 im·
1228 730 1231 734 ,

170 765 308 842 mutent
331 765 356 829 si
381 783 468 830 secus
491 766 599 830 actum
621 765 725 844 buerit,
743 783 810 830 eam
827 765 914 832 elect
891 766 1143 888 trenemirritam

169 882 240 928 esse
262 858 455 927 decernimus
471 887 502 926 ».

221 959 460 1024 laea-11
475 960 545 1024 Duc
573 960 647 1026 sunt
679 977 882 1043 personarum
916 979 1028 1046 genera
1064 979 1142 1043 qnae

172 1059 282 1123 vetant
282 1077 320 1121 ur
342 1057 404 1122 sibi
426 1058 540 1142 eligere
555 1058 759 1141 sepulturam,
780 1059 898 1124 scilieet
913 1057 1088 1140 impuberes
1103 1060 1142 1124 ob

168 1156 292 1220 consilii
315 1155 463 1237 inopiam,
488 1157 519 1220 et
543 1155 693 1238 religiosi,
727 1158 780 1238 qui
810 1147 950 1241 propriae
984 1157 1143 1222 voluntati

169 1254 401 1318 renuntiarunt
548 1303 552 1310 .

220 1352 466 1416 lasa-111.
492 1352 693 1438 Regulares
685 1371 717 1418 1n
740 1353 926 1418 Monasterii
941 1352 1080 1418 Ecclesia
1093 1352 1154 1418 vel*

169 1449 298 1516 Coemet
284 1451 362 1515 teria
385 1450 550 1534 sepeliendi
573 1452 656 1517 sunt.
727 1457 729 1464 “

134 1589 135 1593 =
219 1549 382 1612 1231.-
406 1549 461 1612 IV
484 1573 502 1607 c
518 1549 627 1613 Potest
642 1549 731 1631 pater
746 1549 858 1633 eligere
874 1513 1067 1631 sepulturam
1084 1567 1139 1630 pro

168 1646 244 1710 filiis
267 1647 512 1730 impuberibus
503 1666 535 1711 ιιι
559 1647 636 1723 ιιι,ι
659 1665 719 1712 nen
742 1648 812 1730 post
843 1647 925 1710 mort
926 1665 973 1710 em
991 1669 1022 1708 ».
1053 1645 1142 1724 Quod

167 1744 197 1808 si
213 1745 379 1826 paterrpse
391 1745 545 1827 impuberi
557 1743 620 1808 filie
632 1745 849 1826 praemortuus
861 1744 955 1808 fuerit
958 1792 964 1818 ‚
981 1743 1011 1808 S.
1026 1741 1139 1828 Congu.

168 1833 301 1908 Consilii
324 1844 355 1906 in
385 1843 568 1918 Arellium„
606 1841 646 1904 15
682 1840 871 1924 Septembris
907 1843 991 1906 1605
1026 1841 1142 1908 statuit

174 1966 192 2000 e
208 1942 303 2004 etiam
327 1943 470 2016 matrem,
495 1959 566 2003 eum
590 1941 679 2022 pater
694 1959 754 2006 nen
771 1939 869 2013 adest,
881 1958 970 2020 posse
989 1939 1142 2022 impuberi

169 2037 234 2102 filio
257 2038 451 2120 sepulturam
474 2037 598 2120 eligere,
615 2037 740 2101 virente
755 2038 860 2101 tamen
876 2035 941 2100 filie
957 2062 987 2099 ›.
1009 2034 1140 2100 Concla-

165 2135 326 2198 deadam:
355 2135 451 2199 «Nos
480 2135 627 2199 instituta
656 2133 810 2198 maiorum
840 2133 972 2198 Patrum
1002 2134 1141 2199 conside·

168 2233 276 2296 rantes‘
297 2224 466 2297 statuimus
491 2223 741 2313 unumquemque
764 2232 796 2296 in
823 2233 976 2296 maiorum
1011 2251 1138 2296 suorum

170 2331 342 2412 sepulchris
365 2331 462 2395 iacere
486 2332 523 2394 ut
546 2330 793 2412 patriarcharum
817 2331 918 2394 exitus
934 2329 1031 2395 docet.
1051 2330 1139 2396 Nulli

172 2430 276 2492 tamen
291 2446 440 2512 negamus
452 2429 610 2510 propriam
622 2427 735 2511 eligere
747 2428 939 2510 sepulturam
953 2453 970 2487 >
990 2428 1065 2510 (Lec
1078 2429 1137 2507 ΙΙΙ,

166 2545 235 2608 cap.
262 2527 299 2602 1,
314 2526 362 2590 de·
375 2525 468 2607 Sep).

216 2623 312 2686 1232.
336 2659 378 2670 -
402 2623 501 2687 Nem.
525 2623 550 2686 Ι.
575 2621 791 2690 Prohibeniar
813 2623 848 2686 ia
872 2622 1007 2687 ecelesiis
1031 2623 1134 2704 sepul-

165 2721 245 2784 ebrc
268 2721 395 2797 abacia,
419 2723 506 2784 iuxta
529 2720 609 2784 illud
625 2719 656 2785 S.
672 2718 721 2785 Pii
737 2721 776 2794 V,
793 2721 856 2784 bul.
878 2717 956 2783 Cam
970 2720 1134 2800 primum:

169 2840 189 2881 u
206 2819 250 2883 Ut
272 2819 304 2882 in
328 2819 464 2883 ecclesiis
487 2819 567 2882 hihil
589 2819 730 2882 indecens
753 2819 956 2900 relinquatur,
973 2818 1067 2882 iidem
1083 2819 1137 2884 Or-

172 2941 189 2974 «
207 2916 327 2980 dinarii
342 2917 533 2999 prevideant,
557 2919 594 2980 ut
608 2935 717 2999 capsae
734 2936 847 2993 omnes,
864 2918 896 2980 et
915 2917 1065 2999 deposita,
1083 2937 1136 2982 seu

169 3037 189 3072 ι
205 3013 268 3077 alia
291 3013 476 3078 cadaverum
501 3013 670 3078 conditoria
697 3033 788 3096 snper
821 3016 937 3078 terram
971 3014 1135 3080 existentia

149 3111 330 3174 ,ιοιιιιιιιιο
354 3108 566 3186 amoveantur
592 3112 685 3193 prout
701 3111 786 3176 alias
814 3113 970 3176 stauttum
1000 3113 1071 3190 fuit,
1104 3113 1142 3180 et.

160 3213 161 3218 ’
171 3209 419 3273 «defunctorum
432 3227 559 3292 conpara
572 3210 603 3273 in
620 3209 907 3292 tumbisprofundis
922 3210 1002 3274 inira
1019 3212 1134 3276 terram

171 3307 356 3372 «collocent
357 3327 507 3371 nr».—-
466 3306 622 3373 ——Solus
646 3307 731 3390 Papa
754 3309 848 3374 habet
874 3309 952 3373 de
944 3327 1011 3374 rure
1045 3309 1134 3390 pleno

165 3404 365 3486 sepulchrum
387 3405 553 3469 elevatum.
607 3439 613 3450 -
1188 3469 1192 3478 ,

214 3501 441 3564 laea-11,
466 3501 574 3566 Civilis
596 3502 734 3587 recognit
735 3503 764 3567 ic
720 3501 929 3566 teadaveri
932 3521 946 3566 s
961 3501 1027 3566 lieri
1043 3501 1134 3568 debet

164 3600 253 3662 extra
270 3599 430 3664 ecclesiam
453 3619 469 3664 e
472 3599 627 3664 tlecum
619 3619 788 3671 immunem
805 3597 849 3682 (S.
868 3597 900 3664 C.
918 3599 1057 3682 pluries).
1137 3671 1139 3675 ¹
