2750 4270
313 253 367 307 212
516 257 690 305 Tuscilius
712 259 756 306 ΙΙΙ.
782 260 822 305 DE
846 259 1066 310 ELEGTIONIBUS

310 453 421 520 etesiae
437 455 631 536 disciplinam
648 455 756 534 edidit,
772 457 867 538 atque
882 457 995 520 horum
1010 459 1170 538 postremo
1190 459 1278 534 cavit,

314 579 331 614 ‹<
354 574 391 618 ne
415 554 484 635 quis
507 553 675 635 Episcopus
698 554 756 618 sibi
780 555 910 637 eligeret
932 573 1135 619 successorem
1160 579 1178 614 »
1220 555 1278 639 (So-

309 652 399 736 glla).
424 689 466 698 ·-
489 651 530 716 ll.
555 651 695 715 Roeauae'
717 649 901 730 Pontifices,
926 657 961 715 ut
982 652 1100 716 dietum
1122 658 1179 730 est,
1201 661 1276 734 pote·

308 753 418 814 statem
441 749 647 812 cresudorum
662 748 889 829 Episcoporum
905 750 1057 814 divinitus
1077 755 1277 832 acceperuut,
1349 783 1350 788 κ

308 846 420 910 idcirco
444 847 509 910 sine
532 865 637 910 eorum
661 865 810 910 consensu
834 848 866 910 et
889 847 1079 912 auctoritate
1114 848 1277 932 Episcopos

308 944 495 1009 constituere
519 942 565 1008 fas
589 945 636 1008 est
659 943 797 1018 nemini3
834 943 894 1024 ipsi
928 945 1012 1028 leges
1048 945 1210 1022 dederunt,
1245 967 1274 1011 er

309 1060 440 1122 quarum
464 1041 652 1122 praescripto
675 1039 840 1104 electiones
863 1039 929 1105 fieri
954 1041 1108 1120 deberent,
1133 1048 1219 1109 ortas
1242 1045 1277 1108 de

308 1138 417 1202 iisdem
440 1138 663 1202 controversias
686 1137 907 1215 diiudicarunt,
943 1141 975 1202 et
1004 1141 1127 1205 reiectis
1157 1142 1196 1206 iis
1227 1143 1273 1224 qui

307 1255 367 1300 non
391 1235 530 1319 legitime
554 1236 655 1310 electi,
679 1235 736 1300 aut
759 1236 862 1300 miuus
885 1237 987 1300 idonei
1011 1240 1111 1315 erant,
1128 1241 1207 1304 alios
1224 1261 1275 1306 suo

307 1333 409 1398 lubitu
433 1333 600 1416 Episcopos
623 1333 859 1409 constituerunt,
874 1336 967 1416 atque
980 1335 1074 1399 etiam
1092 1339 1272 1419 potestatem

307 1431 378 1496 aliis
401 1431 518 1507 datam,
542 1450 613 1494 cum
637 1431 738 1494 visum
762 1431 809 1494 est
832 1431 864 1494 id
880 1433 979 1496 satius
996 1451 1071 1509 esse,
1089 1435 1129 1498 ad
1145 1455 1177 1500 se
1192 1455 1273 1501 revo

306 1531 417 1594 cerunt
439 1528 583 1612 (Soglia).

350 1629 425 1690 613.
437 1663 482 1674 -
496 1627 573 1690 Iure
584 1626 714 1706 uotique
729 1626 829 1689 clerus
845 1645 916 1690 cum
932 1628 1047 1709 populo
1066 1625 1265 1713 (postulante,

306 1725 354 1790 vel
370 1725 547 1808 annuente),
565 1723 623 1787 sibi
646 1723 833 1804 Episcopum
849 1723 995 1807 eligebat,
1013 1725 1102 1790 cuius
1119 1726 1272 1792 electionis

306 1825 423 1888 formae
446 1841 482 1886 ea
502 1823 570 1885 erat
593 1821 728 1896 utilitas,
745 1823 781 1884 ut
796 1821 909 1884 merite
933 1821 1188 1905 dignoscerentur
1210 1844 1269 1888 me-

306 1921 384 1995 lius;
409 1919 462 1984 sed
485 1919 564 1983 illud
587 1919 655 1983 erat
678 1918 917 1995 incommodum,
934 1919 971 1982 ut
995 1919 1106 1984 turbae
1130 1940 1208 1998 aere,
1225 1923 1269 1984 vel

305 2018 493 2082 auctoritate
518 2016 662 2082 seductae
679 2034 733 2097 pro
757 2015 891 2097 indignis
915 2006 1185 2082 tumultuarentur
1207 2038 1269 2084 sae-

305 2117 384 2198 pius.
412 2153 456 2161 -
480 2116 557 2178 Iure
580 2113 782 2178 decretalium
813 2113 870 2176 soli
901 2113 1055 2178 Ecclesiae
1079 2114 1270 2180 Cathedralis

306 2211 453 2277 Canonici
469 2213 528 2276 sibi
544 2211 686 2295 deligunt
706 2211 901 2293 Episcopum,
918 2211 955 2274 ut
978 2212 1066 2292 patet
1083 2213 1269 2294 expluribus

304 2311 458 2392 capitibus
474 2311 561 2374 tituli
577 2309 787 2374 Decretalium
803 2307 840 2370 de
857 2306 1010 2385 electione,
1025 2329 1105 2391 quae
1118 2311 1269 2376 electionis

304 2408 403 2472 forma
435 2408 583 2472 excellens
615 2409 705 2483 esset,
730 2406 756 2470 si
779 2405 887 2488 populi
911 2406 990 2469 vitia
1022 2425 1084 2471 non
1115 2407 1268 2472 inficerent

305 2507 488 2588 quandoque
511 2507 638 2570 clerum.
656 2540 699 2550 --
722 2503 777 2568 Ea
799 2501 919 2582 aepulis
940 2501 1156 2569 Cancellariue
1179 2506 1263 2570 Rom.

303 2605 446 2668 Pontifex
469 2604 689 2686 Episcoporum
720 2600 908 2666 creationem
932 2600 991 2664 sibi
1019 2605 1166 2668 reservat.
1189 2603 1265 2670 Hine

307 2728 324 2762 «
337 2703 412 2766 haec
428 2721 518 2784 porro
535 2701 758 2765 iurisdictionis
773 2697 972 2762 conferendae
978 2703 1131 2778 potcstcs,
1145 2721 1179 2765 er
1190 2719 1262 2764 nora

186 2819 190 2826 ·
304 2801 466 2882 disciplina
489 2817 507 2862 a
531 2799 671 2880 pluribus
694 2796 826 2862 saeculis
848 2795 912 2858 iam
938 2798 1071 2878 recepta,
1091 2797 1265 2864 aConciliis

305 2897 518 2973 oecumenicis,
536 2898 567 2960 et
583 2897 622 2960 ab
646 2897 720 2978 ipsis
744 2891 946 2958 Concordatis
969 2895 1163 2973 confirmata,
1179 2895 1263 2961 need

304 2995 560 3078 Metropolitanos
595 2995 720 3077 quidem
750 2991 854 3074 potest
886 2989 973 3054 nullo
1004 2992 1096 3056 modo
1128 2995 1261 3067 attinere,

305 3097 414 3178 utpote
430 3113 508 3176 quae
523 3092 599 3156 illue
614 3111 739 3156 reuersa
751 3089 833 3152 uode
846 3086 1041 3166 discesserat,
1055 3089 1145 3154 amice
1157 3089 1264 3154 ressidet

303 3195 389 3276 opud
417 3191 632 3274 Apostolieum
663 3189 771 3254 Sedasa
794 3213 812 3248 »
839 3189 927 3272 (Pius
955 3187 1011 3266 VI,
1043 3186 1077 3251 0.
1111 3187 1260 3268 diacus,

305 3294 323 3376 ᾖ
347 3291 510 3371 Perleput,
536 3290 577 3354 13
600 3289 665 3370 Ap.
689 3287 785 3365 1791,
809 3288 853 3351 ud
878 3287 1014 3370 Gallos).
1038 3286 1121 3350 Hinc
1144 3285 1263 3370 regulae

303 3389 462 3455 electionis
474 3389 696 3471 Episcoporum
706 3387 809 3450 minus
820 3387 1009 3451 necessariae
1021 3385 1185 3461 habentur,
1198 3400 1260 3446 cum

304 3488 393 3552 hodic
424 3486 576 3569 promotio
607 3485 732 3550 factae
765 3483 851 3566 Papa
882 3484 915 3548 in
946 3481 1136 3548 consistorio
1167 3481 1260 3546 locum

305 3588 408 3650 teneat
432 3587 464 3648 et
487 3585 646 3648 electionis
669 3584 701 3648 et
723 3581 979 3648 confirmationis.

350 3684 424 3744 614.
441 3717 484 3728 -
503 3683 676 3746 dominatio
695 3682 802 3762 Regia.
817 3715 860 3725 -
877 3679 946 3744 Per
961 3679 1147 3744 concordata
1166 3679 1258 3757 iusum
