2818 4276
234 219 301 266 CAP.
319 219 361 264 111.
379 219 417 264 DE
435 217 657 264 RELATIONIBUS
674 215 756 262 acci.
774 215 848 262 ctu.
866 216 928 262 SOt'.
947 217 1004 262 clv.
1075 213 1111 264 so

133 399 295 480 baptizari
318 399 345 462 si
368 398 409 460 sit
432 398 465 458 e'u
485 395 627 476 periculo
652 397 771 472 scortis,
797 397 846 461 vel
862 397 956 461 fuerit
972 416 990 460 a
1006 416 1112 478 paren-

134 497 227 560 tibus
250 495 416 578 proiectus.

183 595 264 658 295.
314 629 352 638 -
393 593 434 656 II.
460 593 552 668 Item,
577 593 604 656 si
634 595 723 674 pater
757 594 820 657 iam
851 593 891 657 ad
921 594 1108 658 catholicam

133 693 324 776 religionem
359 698 533 767 conversus,
568 691 641 756 licet
675 695 776 756 mater
810 693 984 767 dissentiat,
1020 691 1110 756 illum

135 791 365 873 baptizandum
390 791 488 855 offert.

185 891 266 952 2943.
291 925 332 934 -
357 889 414 952 ΙΙΙ.
431 889 539 952 Potest
556 889 649 953 etiam
667 889 817 970 baptizari
843 889 942 952 infans
966 889 1019 970 qui
1043 889 1113 952 offe

45 1017 47 1021 ·
136 990 234 1052 ratur
258 988 376 1050 abaco
394 992 539 1067 pretereo,
564 987 816 1052 dissentientibus
832 987 1021 1068 parentibus.

185 1086 265 1148 291.
300 1123 340 1130 -
372 1085 426 1148 Π.
459 1085 548 1161 Item,
583 1085 613 1148 se'
640 1087 734 1164 pala·
768 1089 875 1164 sponte
891 1085 1051 1164 promittit
1079 1103 1111 1147 se

135 1188 356 1262 caseatorum
382 1183 533 1261 baptismo
557 1205 622 1245 oceo
645 1203 713 1246 cum
736 1182 804 1261 lilio
827 1203 882 1244 suo
903 1201 992 1263 quem
1018 1181 1113 1245 tradi·

137 1281 224 1344 derit
248 1279 472 1344 instruendum.

186 1379 266 1442 298.
291 1415 334 1423 —
350 1377 388 1440 V.
417 1377 503 1440 Acie
520 1383 659 1458 patron
687 1379 791 1460 potest
819 1378 986 1441 hebraeum
1013 1377 1113 1459 bapti-

137 1495 210 1540 smo
229 1477 346 1551 oil'erre,
364 1476 505 1557 quamvis
522 1478 623 1540 mater
645 1478 826 1557 tutoresque
850 1475 1043 1539 dissentiant.

186 1575 265 1636 299.
282 1611 315 1620 -
337 1572 442 1640 varia.
465 1609 493 1618 -
528 1573 658 1638 Laicicx
687 1574 753 1638 iure
780 1573 935 1648 canonico,
959 1573 1113 1654 nequeunt

138 1671 177 1734 dc
203 1669 276 1733 fidei
292 1669 448 1753 mysteriis
465 1669 585 1750 publice
616 1670 665 1733 val
690 1670 837 1752 privatim
860 1669 1018 1750 disputare
1042 1687 1112 1731 cum

141 1769 318 1833 haereticis.
331 1768 479 1832 Attamen
492 1767 606 1832 nostris
615 1768 816 1849 temporibus,
830 1767 942 1848 quibus
966 1765 1110 1830 baeretici

139 1868 175 1928 ct
200 1866 288 1928 athei
312 1865 449 1946 undique
473 1865 603 1939 scatent,
629 1863 702 1926 loica
726 1864 841 1926 eruditi
864 1865 894 1927 in
930 1863 1112 1926 necessitate

141 1962 192 2026 vel
217 1961 357 2025 utilitate
381 1961 533 2026 Ecclesiae
557 1961 641 2024 licite
656 1961 786 2044 possunt
802 1961 942 2024 inimicos
958 1959 1029 2022 fidei
1045 1977 1114 2022 con-

140 2058 271 2122 fundere
296 2057 371 2138 (cfr.
396 2057 429 2121 C.
454 2057 586 2132 Ferrari,
612 2056 740 2121 Siccaena
765 2058 846 2120 Just.
881 2055 970 2130 Coa„
990 2077 1019 2120 n.
1044 2057 1111 2138 (53).

187 2144 264 2218 300.
294 2191 334 2201 -
359 2155 516 2218 Haereses
540 2157 570 2216 et
596 2175 716 2218 errores
731 2157 837 2217 statim
850 2155 983 2233 opprimi
993 2153 1112 2215 (deluat.

140 2251 236 2326 Nam,
264 2253 307 2314 l.⁰
335 2276 351 2309 ‹<
367 2252 460 2315 Arius
483 2271 545 2314 una
569 2252 703 2314 scintilla
721 2251 791 2316 fnit.
809 2250 861 2314 sed
878 2251 950 2332 quia
967 2268 1027 2313 non
1043 2251 1108 2311 sta-

20 2379 21 2382 *
140 2349 202 2412 tim
228 2368 372 2431 oppressa
396 2350 453 2424 est,
478 2350 583 2412 totum
607 2349 712 2412 orbem
736 2349 802 2412 eius
818 2348 945 2412 flamma
961 2345 1110 2429 populata

141 2449 193 2510 est
217 2472 249 2509 ».
274 2446 319 2529 (S.
343 2447 480 2521 Hieron,
510 2447 617 2511 Galat.
642 2466 668 2509 c.
694 2447 724 2522 5,
749 2466 777 2510 v.
792 2447 836 2528 9).
869 2448 915 2510 2.⁰
935 2471 952 2504 «
968 2443 1112 2510 Haeresis

143 2546 232 2610 velut
247 2546 396 2627 quaedam
411 2545 508 2628 hydra
521 2545 708 2618 fabularum,
727 2545 904 2628 vulneribus
920 2545 984 2608 suis
1001 2541 1111 2614 crevit:

19 2639 21 2700 ἕ
140 2645 175 2707 et
200 2645 275 2707 dum
288 2663 376 2731 saepo
389 2643 545 2718 reciditur,
559 2643 695 2724 pullulat
712 2643 778 2726 igni
794 2643 896 2706 debita
913 2641 1112 2720 incendioque

19 2789 21 2824 1
141 2743 283 2824 peritura
304 2767 321 2799 »
360 2741 404 2823 (s.
429 2741 583 2817 umcros„
607 2741 644 2802 ee
666 2741 721 2820 aa.
745 2741 789 2802 ae
807 2741 995 2804 oraveram.
1021 2739 1066 2820 o.)

19 2835 21 2850 '
192 2840 268 2903 301.
287 2877 334 2917 ,-
365 2864 382 2897 «
398 2838 461 2904 Cur
484 2859 557 2924 ergo
581 2860 641 2904 non
678 2841 801 2922 cogeret
825 2837 959 2900 Ecclesia
975 2837 1111 2918 perditos

19 2909 20 2940 ³
145 2938 229 3002 filios
252 2938 288 3000 ut
312 2937 456 3014 redirent,
481 2939 507 3002 si
529 2938 642 3020 perditi
666 2937 724 3000 filii
756 2935 923 3018 coegerunt
958 2933 1036 2999 alios
1074 2935 1111 2996 ut

19 3109 21 3130 ζ
145 3036 304 3118 perirent?
321 3061 338 3092 »
366 3034 410 3118 (S.
434 3034 528 3119 Aug„
552 3036 641 3117 epist.
669 3035 731 3097 185
756 3033 796 3096 ad
818 3032 956 3095 Bonilac.
975 3051 1000 3094 c.
1018 3033 1061 3114 6).

190 3135 265 3198 302.
304 3171 343 3179 -
369 3135 542 3198 Hanunrror
580 3151 738 3198 nucinum.
771 3167 815 3176 —
846 3130 870 3193 l.
894 3129 924 3194 S.
957 3129 1111 3192 Antonius

142 3231 279 3315 Magnus
314 3256 331 3290 «
346 3252 505 3313 nunquam
528 3232 796 3296 schismaticorum
827 3248 859 3293 se
885 3228 1011 3292 miscuit
1033 3245 1115 3290 oom-

19 3375 21 3386 .
143 3331 295 3408 munioni,
308 3331 470 3410 antiquam
483 3347 590 3394 corum
603 3329 699 3394 sciens
712 3327 900 3411 pravitatem
910 3327 1004 3408 atque
1013 3325 1112 3388 trans·

19 3437 21 3456 ’
141 3428 343 3510 gressionem.
367 3426 547 3508 Numquam
571 3427 760 3490 Manichaeis
784 3426 839 3488 aut
863 3424 934 3488 aliis
946 3423 1111 3486 haereticis

146 3523 258 3588 saltem
281 3524 457 3588 amicabilia
481 3526 574 3588 verba
598 3525 733 3607 largitus
757 3525 814 3599 ost,
839 3523 899 3586 nisi
915 3522 1039 3584 tantum
1063 3538 1109 3593 ea,

19 3625 21 3734 ζ
143 3640 223 3702 qnae
246 3640 298 3687 eos
314 3623 439 3704 possent
455 3622 493 3686 ab
510 3622 685 3703 iniquitatis
702 3639 803 3686 errore
819 3637 980 3693 revocara3
997 3617 1111 3681 denun-
