<?xml version="1.0" encoding="UTF-8"?>
<!DOCTYPE html PUBLIC "-//W3C//DTD XHTML 1.0 Transitional//EN"
    "http://www.w3.org/TR/xhtml1/DTD/xhtml1-transitional.dtd">
<html xmlns="http://www.w3.org/1999/xhtml" xml:lang="en" lang="en">
 <head>
  <title>
</title>
<meta http-equiv="Content-Type" content="text/html;charset=utf-8" />
  <meta name='ocr-system' content='tesseract 3.04.00' />
  <meta name='ocr-capabilities' content='ocr_page ocr_carea ocr_par ocr_line ocrx_word'/>
</head>
<body>
  <div class='ocr_page' id='page_1' title='image "./compendiumiuris00tutgoog_0157.png"; bbox 0 0 2818 4276; ppageno 0'>
   <div class='ocr_carea' id='block_1_1' title="bbox 315 261 1146 319">
    <p class='ocr_par' dir='ltr' id='par_1_1' title="bbox 315 261 1146 319">
     <span class='ocr_line' id='line_1_1' title="bbox 315 261 1146 319; baseline 0.001 -3"><span class='ocrx_word' id='word_1_1' title='bbox 315 261 365 319; x_wconf 82' lang='grc'>148</span> <span class='ocrx_word' id='word_1_2' title='bbox 436 267 610 316; x_wconf 69' lang='lat' dir='ltr'>cuicuinus</span> <span class='ocrx_word' id='word_1_3' title='bbox 634 269 673 316; x_wconf 83' lang='lat' dir='ltr'>DE</span> <span class='ocrx_word' id='word_1_4' title='bbox 698 270 890 318; x_wconf 72' lang='lat' dir='ltr'>uinunacffla</span> <span class='ocrx_word' id='word_1_5' title='bbox 911 270 1146 318; x_wconf 78' lang='lat' dir='ltr'>lomsoicrlonls</span> 
     </span>
    </p>
   </div>
   <div class='ocr_carea' id='block_1_2' title="bbox 312 540 1271 608">
    <p class='ocr_par' dir='ltr' id='par_1_2' title="bbox 312 405 1397 730">
     <span class='ocr_line' id='line_1_2' title="bbox 312 540 1271 608; baseline 0 -2"><span class='ocrx_word' id='word_1_6' title='bbox 312 540 400 606; x_wconf 84' lang='lat' dir='ltr'>cAP.</span> <span class='ocrx_word' id='word_1_7' title='bbox 417 541 458 604; x_wconf 86' lang='grc' dir='ltr'>Π.</span> <span class='ocrx_word' id='word_1_8' title='bbox 475 578 520 588; x_wconf 93' lang='lat'><em>-</em></span> <span class='ocrx_word' id='word_1_9' title='bbox 535 542 590 606; x_wconf 81' lang='lat' dir='ltr'>Dc</span> <span class='ocrx_word' id='word_1_10' title='bbox 612 541 897 607; x_wconf 85' lang='lat' dir='ltr'>ADlUTORlBUS</span> <span class='ocrx_word' id='word_1_11' title='bbox 920 541 1019 606; x_wconf 88' lang='lat' dir='ltr'><strong>ROM.</strong></span> <span class='ocrx_word' id='word_1_12' title='bbox 1043 540 1271 608; x_wconf 80' lang='lat' dir='ltr'>PONTlFlClS</span> 
     </span>
    </p>
   </div>
   <div class='ocr_carea' id='block_1_3' title="bbox 555 875 1037 942">
    <p class='ocr_par' dir='ltr' id='par_1_3' title="bbox 555 875 1037 942">
     <span class='ocr_line' id='line_1_3' title="bbox 555 875 1037 942; baseline 0.002 -3"><span class='ocrx_word' id='word_1_13' title='bbox 555 875 633 939; x_wconf 81' lang='lat' dir='ltr'>Aur.</span> <span class='ocrx_word' id='word_1_14' title='bbox 657 876 683 938; x_wconf 90' lang='lat' dir='ltr'>I.</span> <span class='ocrx_word' id='word_1_15' title='bbox 707 875 758 941; x_wconf 87' lang='lat' dir='ltr'>lle</span> <span class='ocrx_word' id='word_1_16' title='bbox 780 875 1037 942; x_wconf 82' lang='lat' dir='ltr'>Cardinalibus.</span> 
     </span>
    </p>
   </div>
   <div class='ocr_carea' id='block_1_4' title="bbox 308 1055 1281 1820">
    <p class='ocr_par' dir='ltr' id='par_1_4' title="bbox 308 1055 1400 2088">
     <span class='ocr_line' id='line_1_4' title="bbox 355 1055 1277 1139; baseline 0.002 -21"><span class='ocrx_word' id='word_1_17' title='bbox 355 1055 431 1118; x_wconf 86' lang='grc'>443.</span> <span class='ocrx_word' id='word_1_18' title='bbox 446 1092 490 1101; x_wconf 98' lang='grc'>-</span> <span class='ocrx_word' id='word_1_19' title='bbox 507 1055 646 1122; x_wconf 87' lang='lat' dir='ltr'>illliclum</span> <span class='ocrx_word' id='word_1_20' title='bbox 671 1058 703 1122; x_wconf 85' lang='lat' dir='ltr'>et</span> <span class='ocrx_word' id='word_1_21' title='bbox 727 1057 865 1139; x_wconf 76' lang='lat' dir='ltr'>diocliae</span> <span class='ocrx_word' id='word_1_22' title='bbox 887 1057 1112 1122; x_wconf 76' lang='lat' dir='ltr'>cardinalium.</span> <span class='ocrx_word' id='word_1_23' title='bbox 1130 1092 1177 1102; x_wconf 90' lang='lat'>-</span> <span class='ocrx_word' id='word_1_24' title='bbox 1193 1057 1218 1120; x_wconf 92' lang='grc' dir='ltr'>Ι.</span> <span class='ocrx_word' id='word_1_25' title='bbox 1236 1056 1277 1121; x_wconf 87' lang='lat' dir='ltr'>si-</span> 
     </span>
     <span class='ocr_line' id='line_1_5' title="bbox 310 1153 1275 1236; baseline 0 -18"><span class='ocrx_word' id='word_1_26' title='bbox 310 1154 375 1218; x_wconf 88' lang='lat' dir='ltr'>cuti</span> <span class='ocrx_word' id='word_1_27' title='bbox 398 1153 429 1216; x_wconf 92' lang='lat' dir='ltr'>in</span> <span class='ocrx_word' id='word_1_28' title='bbox 452 1153 599 1218; x_wconf 81' lang='lat' dir='ltr'>cathedra</span> <span class='ocrx_word' id='word_1_29' title='bbox 618 1154 715 1236; x_wconf 89' lang='lat' dir='ltr'>ipsius</span> <span class='ocrx_word' id='word_1_30' title='bbox 731 1155 815 1218; x_wconf 89' lang='lat' dir='ltr'>Petri</span> <span class='ocrx_word' id='word_1_31' title='bbox 832 1173 988 1219; x_wconf 81' lang='lat' dir='ltr'>successor</span> <span class='ocrx_word' id='word_1_32' title='bbox 1004 1155 1035 1217; x_wconf 91' lang='lat' dir='ltr'>et</span> <span class='ocrx_word' id='word_1_33' title='bbox 1051 1173 1145 1218; x_wconf 87' lang='lat' dir='ltr'>verus</span> <span class='ocrx_word' id='word_1_34' title='bbox 1162 1153 1275 1219; x_wconf 81' lang='lat' dir='ltr'>Christi</span> 
     </span>
     <span class='ocr_line' id='line_1_6' title="bbox 310 1249 1276 1332; baseline 0.002 -18"><span class='ocrx_word' id='word_1_35' title='bbox 310 1249 453 1316; x_wconf 88' lang='lat' dir='ltr'>Vicarius</span> <span class='ocrx_word' id='word_1_36' title='bbox 484 1253 644 1316; x_wconf 85' lang='lat' dir='ltr'>Romanus</span> <span class='ocrx_word' id='word_1_37' title='bbox 678 1252 819 1317; x_wconf 81' lang='lat' dir='ltr'><strong>Pontifex</strong></span> <span class='ocrx_word' id='word_1_38' title='bbox 854 1253 960 1316; x_wconf 86' lang='lat' dir='ltr'>divina</span> <span class='ocrx_word' id='word_1_39' title='bbox 996 1251 1276 1332; x_wconf 87' lang='lat' dir='ltr'>praeordinatione,</span> 
     </span>
     <span class='ocr_line' id='line_1_7' title="bbox 310 1349 1280 1433; baseline 0.001 -20"><span class='ocrx_word' id='word_1_40' title='bbox 310 1349 446 1413; x_wconf 91' lang='lat' dir='ltr'>eiusdem</span> <span class='ocrx_word' id='word_1_41' title='bbox 470 1349 637 1432; x_wconf 83' lang='lat' dir='ltr'>Supremos</span> <span class='ocrx_word' id='word_1_42' title='bbox 659 1349 855 1432; x_wconf 90' lang='lat' dir='ltr'>Apostolicae</span> <span class='ocrx_word' id='word_1_43' title='bbox 878 1349 1043 1433; x_wconf 73' lang='lat' dir='ltr'>dignitatis</span> <span class='ocrx_word' id='word_1_44' title='bbox 1063 1349 1230 1432; x_wconf 74' lang='lat' dir='ltr'>fastigium</span> <span class='ocrx_word' id='word_1_45' title='bbox 1248 1351 1280 1414; x_wconf 89' lang='lat' dir='ltr'>ct</span> 
     </span>
     <span class='ocr_line' id='line_1_8' title="bbox 308 1447 1278 1522; baseline 0 -12"><span class='ocrx_word' id='word_1_46' title='bbox 308 1447 409 1510; x_wconf 89' lang='lat' dir='ltr'>locum</span> <span class='ocrx_word' id='word_1_47' title='bbox 433 1447 464 1510; x_wconf 90' lang='lat' dir='ltr'>in</span> <span class='ocrx_word' id='word_1_48' title='bbox 488 1447 578 1510; x_wconf 87' lang='lat' dir='ltr'>terris</span> <span class='ocrx_word' id='word_1_49' title='bbox 601 1449 695 1522; x_wconf 86' lang='lat' dir='ltr'>tenet,</span> <span class='ocrx_word' id='word_1_50' title='bbox 712 1449 758 1511; x_wconf 86' lang='lat' dir='ltr'>ita</span> <span class='ocrx_word' id='word_1_51' title='bbox 774 1447 870 1511; x_wconf 90' lang='lat' dir='ltr'>etiam</span> <span class='ocrx_word' id='word_1_52' title='bbox 885 1447 1099 1510; x_wconf 86' lang='lat' dir='ltr'>sacrosanctae</span> <span class='ocrx_word' id='word_1_53' title='bbox 1115 1447 1278 1511; x_wconf 87' lang='lat' dir='ltr'>Romanae</span> 
     </span>
     <span class='ocr_line' id='line_1_9' title="bbox 309 1542 1281 1608; baseline 0 0"><span class='ocrx_word' id='word_1_54' title='bbox 309 1544 461 1608; x_wconf 82' lang='lat' dir='ltr'>Ecclesiae</span> <span class='ocrx_word' id='word_1_55' title='bbox 485 1542 681 1608; x_wconf 77' lang='lat' dir='ltr'>Osnnmmas</span> <span class='ocrx_word' id='word_1_56' title='bbox 704 1560 1002 1608; x_wconf 77' lang='lat' dir='ltr'>narmnsnnrsmms</span> <span class='ocrx_word' id='word_1_57' title='bbox 1025 1560 1186 1607; x_wconf 73' lang='lat' dir='ltr'>sansonis</span> <span class='ocrx_word' id='word_1_58' title='bbox 1204 1543 1281 1608; x_wconf 77' lang='lat' dir='ltr'>Snu-</span> 
     </span>
     <span class='ocr_line' id='line_1_10' title="bbox 310 1639 1280 1722; baseline -0.001 -16"><span class='ocrx_word' id='word_1_59' title='bbox 310 1658 433 1706; x_wconf 75' lang='lat' dir='ltr'>ci&#39;onuu</span> <span class='ocrx_word' id='word_1_60' title='bbox 456 1641 685 1706; x_wconf 75' lang='lat' dir='ltr'>Arosnmosm</span> <span class='ocrx_word' id='word_1_61' title='bbox 708 1643 782 1704; x_wconf 81' lang='lat' dir='ltr'>doro</span> <span class='ocrx_word' id='word_1_62' title='bbox 810 1641 935 1705; x_wconf 73' lang='lat' dir='ltr'>Cleristo</span> <span class='ocrx_word' id='word_1_63' title='bbox 961 1639 1122 1704; x_wconf 80' lang='lat' dir='ltr'>Solootom‘</span> <span class='ocrx_word' id='word_1_64' title='bbox 1144 1661 1280 1722; x_wconf 69' lang='lat' dir='ltr'>repauso</span> 
     </span>
     <span class='ocr_line' id='line_1_11' title="bbox 309 1737 1281 1820; baseline 0 -18"><span class='ocrx_word' id='word_1_65' title='bbox 309 1738 374 1802; x_wconf 85' lang='lat' dir='ltr'>Dei</span> <span class='ocrx_word' id='word_1_66' title='bbox 403 1739 603 1820; x_wconf 81' lang='lat' dir='ltr'>praedicanti</span> <span class='ocrx_word' id='word_1_67' title='bbox 633 1745 726 1820; x_wconf 80' lang='lat' dir='ltr'>alque</span> <span class='ocrx_word' id='word_1_68' title='bbox 757 1738 912 1801; x_wconf 75' lang='lat' dir='ltr'>humanae</span> <span class='ocrx_word' id='word_1_69' title='bbox 942 1737 1056 1800; x_wconf 79' lang='lat' dir='ltr'>solutis</span> <span class='ocrx_word' id='word_1_70' title='bbox 1090 1739 1281 1818; x_wconf 70' lang='lat' dir='ltr'>capisterium</span> 
     </span>
    </p>
   </div>
   <div class='ocr_carea' id='block_1_5' title="bbox 300 1836 1280 3766">
    <p class='ocr_par' dir='ltr' id='par_1_5' title="bbox 300 1836 1280 3766">
     <span class='ocr_line' id='line_1_12' title="bbox 309 1836 1280 1916; baseline 0 -16"><span class='ocrx_word' id='word_1_71' title='bbox 309 1837 452 1916; x_wconf 80' lang='lat' dir='ltr'>operanti</span> <span class='ocrx_word' id='word_1_72' title='bbox 473 1837 701 1912; x_wconf 77' lang='lat' dir='ltr'>ministrarent,</span> <span class='ocrx_word' id='word_1_73' title='bbox 730 1837 828 1900; x_wconf 92' lang='lat' dir='ltr'>eidem</span> <span class='ocrx_word' id='word_1_74' title='bbox 859 1836 1003 1900; x_wconf 85' lang='lat' dir='ltr'>Pontifici</span> <span class='ocrx_word' id='word_1_75' title='bbox 1033 1836 1064 1899; x_wconf 92' lang='lat' dir='ltr'>in</span> <span class='ocrx_word' id='word_1_76' title='bbox 1095 1838 1280 1900; x_wconf 79' lang='lat' dir='ltr'>executione</span> 
     </span>
     <span class='ocr_line' id='line_1_13' title="bbox 309 1931 1279 2017; baseline 0.001 -20"><span class='ocrx_word' id='word_1_77' title='bbox 309 1933 509 1998; x_wconf 86' lang='lat' dir='ltr'>sacerdotalis</span> <span class='ocrx_word' id='word_1_78' title='bbox 533 1933 625 1998; x_wconf 86' lang='lat' dir='ltr'>officii</span> <span class='ocrx_word' id='word_1_79' title='bbox 648 1936 680 1997; x_wconf 92' lang='lat' dir='ltr'>et</span> <span class='ocrx_word' id='word_1_80' title='bbox 704 1935 734 1998; x_wconf 91' lang='lat' dir='ltr'>in</span> <span class='ocrx_word' id='word_1_81' title='bbox 758 1933 917 2017; x_wconf 88' lang='lat' dir='ltr'>dirigenda</span> <span class='ocrx_word' id='word_1_82' title='bbox 933 1934 1000 2016; x_wconf 88' lang='lat' dir='ltr'>ipsa</span> <span class='ocrx_word' id='word_1_83' title='bbox 1016 1931 1154 1996; x_wconf 79' lang='lat' dir='ltr'>Ecclesia</span> <span class='ocrx_word' id='word_1_84' title='bbox 1171 1933 1279 1998; x_wconf 86' lang='lat' dir='ltr'>calho-</span> 
     </span>
     <span class='ocr_line' id='line_1_14' title="bbox 308 2029 1278 2112; baseline 0.003 -19"><span class='ocrx_word' id='word_1_85' title='bbox 308 2029 368 2094; x_wconf 90' lang='lat' dir='ltr'>lica</span> <span class='ocrx_word' id='word_1_86' title='bbox 392 2033 440 2094; x_wconf 91' lang='lat' dir='ltr'>cni</span> <span class='ocrx_word' id='word_1_87' title='bbox 463 2033 585 2112; x_wconf 89' lang='lat' dir='ltr'>praeest</span> <span class='ocrx_word' id='word_1_88' title='bbox 608 2048 788 2095; x_wconf 76' lang='lat' dir='ltr'>consummi</span> <span class='ocrx_word' id='word_1_89' title='bbox 807 2050 845 2095; x_wconf 84' lang='lat' dir='ltr'>nn</span> <span class='ocrx_word' id='word_1_90' title='bbox 869 2048 1078 2095; x_wconf 80' lang='lat' dir='ltr'>cormnrosss</span> <span class='ocrx_word' id='word_1_91' title='bbox 1101 2048 1278 2108; x_wconf 75' lang='lat' dir='ltr'>nssrsrmrn,</span> 
     </span>
     <span class='ocr_line' id='line_1_15' title="bbox 310 2127 1280 2204; baseline -0.001 -10"><span class='ocrx_word' id='word_1_92' title='bbox 310 2145 399 2204; x_wconf 76' lang='lat' dir='ltr'>uulsi</span> <span class='ocrx_word' id='word_1_93' title='bbox 422 2146 511 2193; x_wconf 87' lang='lat' dir='ltr'>ocum</span> <span class='ocrx_word' id='word_1_94' title='bbox 534 2145 572 2192; x_wconf 85' lang='lat' dir='ltr'>nr</span> <span class='ocrx_word' id='word_1_95' title='bbox 602 2147 702 2193; x_wconf 77' lang='lat' dir='ltr'>nonas</span> <span class='ocrx_word' id='word_1_96' title='bbox 725 2146 763 2194; x_wconf 79' lang='lat' dir='ltr'>nc</span> <span class='ocrx_word' id='word_1_97' title='bbox 785 2145 998 2193; x_wconf 83' lang='lat' dir='ltr'>nosrmssmmn</span> <span class='ocrx_word' id='word_1_98' title='bbox 1030 2127 1121 2192; x_wconf 77' lang='lat' dir='ltr'>Suom</span> <span class='ocrx_word' id='word_1_99' title='bbox 1153 2128 1280 2194; x_wconf 75' lang='lat' dir='ltr'>(inerms</span> 
     </span>
     <span class='ocr_line' id='line_1_16' title="bbox 308 2225 1279 2292; baseline 0.002 -2"><span class='ocrx_word' id='word_1_100' title='bbox 308 2243 423 2290; x_wconf 78' lang='lat' dir='ltr'>Pinnas</span> <span class='ocrx_word' id='word_1_101' title='bbox 445 2245 484 2290; x_wconf 80' lang='lat' dir='ltr'>nr</span> <span class='ocrx_word' id='word_1_102' title='bbox 506 2243 676 2290; x_wconf 74' lang='lat' dir='ltr'>Palaemon</span> <span class='ocrx_word' id='word_1_103' title='bbox 699 2244 798 2290; x_wconf 80' lang='lat' dir='ltr'>innius</span> <span class='ocrx_word' id='word_1_104' title='bbox 821 2243 953 2290; x_wconf 73' lang='lat' dir='ltr'>unusne</span> <span class='ocrx_word' id='word_1_105' title='bbox 975 2225 1137 2290; x_wconf 63' lang='lat' dir='ltr'>esnone</span> <span class='ocrx_word' id='word_1_106' title='bbox 1154 2227 1279 2292; x_wconf 70' lang='lat' dir='ltr'>Seuero</span> 
     </span>
     <span class='ocr_line' id='line_1_17' title="bbox 307 2323 1279 2406; baseline -0.001 -16"><span class='ocrx_word' id='word_1_107' title='bbox 307 2341 502 2399; x_wconf 76' lang='lat' dir='ltr'>consumam,</span> <span class='ocrx_word' id='word_1_108' title='bbox 527 2324 636 2406; x_wconf 88' lang='lat' dir='ltr'>quiin</span> <span class='ocrx_word' id='word_1_109' title='bbox 666 2323 726 2388; x_wconf 86' lang='lat' dir='ltr'>hac</span> <span class='ocrx_word' id='word_1_110' title='bbox 754 2325 822 2406; x_wconf 85' lang='lat' dir='ltr'>ipsa</span> <span class='ocrx_word' id='word_1_111' title='bbox 854 2324 1070 2388; x_wconf 79' lang='lat' dir='ltr'>Ecclesiastico</span> <span class='ocrx_word' id='word_1_112' title='bbox 1101 2325 1279 2390; x_wconf 87' lang='lat' dir='ltr'>hierarchia</span> 
     </span>
     <span class='ocr_line' id='line_1_18' title="bbox 306 2420 1278 2502; baseline 0.001 -16"><span class='ocrx_word' id='word_1_113' title='bbox 306 2422 410 2486; x_wconf 87' lang='lat' dir='ltr'>divina</span> <span class='ocrx_word' id='word_1_114' title='bbox 434 2420 645 2502; x_wconf 87' lang='lat' dir='ltr'>dispositione,</span> <span class='ocrx_word' id='word_1_115' title='bbox 662 2423 760 2486; x_wconf 88' lang='lat' dir='ltr'>instar</span> <span class='ocrx_word' id='word_1_116' title='bbox 782 2423 867 2486; x_wconf 90' lang='lat' dir='ltr'>illius</span> <span class='ocrx_word' id='word_1_117' title='bbox 884 2421 1035 2498; x_wconf 89' lang='lat' dir='ltr'>coelestis,</span> <span class='ocrx_word' id='word_1_118' title='bbox 1053 2423 1103 2484; x_wconf 88' lang='lat' dir='ltr'>cui</span> <span class='ocrx_word' id='word_1_119' title='bbox 1121 2441 1158 2486; x_wconf 82' lang='lat' dir='ltr'>ex</span> <span class='ocrx_word' id='word_1_120' title='bbox 1175 2423 1278 2487; x_wconf 88' lang='lat' dir='ltr'>altera</span> 
     </span>
     <span class='ocr_line' id='line_1_19' title="bbox 305 2519 1277 2601; baseline 0 -19"><span class='ocrx_word' id='word_1_121' title='bbox 305 2521 394 2601; x_wconf 90' lang='lat' dir='ltr'>parte</span> <span class='ocrx_word' id='word_1_122' title='bbox 405 2519 577 2600; x_wconf 87' lang='lat' dir='ltr'>respondet,</span> <span class='ocrx_word' id='word_1_123' title='bbox 591 2519 743 2596; x_wconf 88' lang='lat' dir='ltr'>ordinata,</span> <span class='ocrx_word' id='word_1_124' title='bbox 755 2520 799 2582; x_wconf 81' lang='lat' dir='ltr'>cd</span> <span class='ocrx_word' id='word_1_125' title='bbox 812 2519 1001 2582; x_wconf 81' lang='lat' dir='ltr'>uilissimum</span> <span class='ocrx_word' id='word_1_126' title='bbox 1016 2519 1153 2600; x_wconf 81' lang='lat' dir='ltr'>pradum</span> <span class='ocrx_word' id='word_1_127' title='bbox 1170 2523 1277 2598; x_wconf 83' lang='lat' dir='ltr'>crecti,</span> 
     </span>
     <span class='ocr_line' id='line_1_20' title="bbox 304 2615 1277 2699; baseline 0.003 -19"><span class='ocrx_word' id='word_1_128' title='bbox 304 2636 375 2680; x_wconf 88' lang='lat' dir='ltr'>cum</span> <span class='ocrx_word' id='word_1_129' title='bbox 392 2617 456 2699; x_wconf 93' lang='lat' dir='ltr'>ipso</span> <span class='ocrx_word' id='word_1_130' title='bbox 472 2616 613 2680; x_wconf 87' lang='lat' dir='ltr'>Romano</span> <span class='ocrx_word' id='word_1_131' title='bbox 629 2615 779 2680; x_wconf 87' lang='lat' dir='ltr'>Pontifice</span> <span class='ocrx_word' id='word_1_132' title='bbox 795 2617 950 2681; x_wconf 90' lang='lat' dir='ltr'>communi</span> <span class='ocrx_word' id='word_1_133' title='bbox 967 2617 1061 2680; x_wconf 89' lang='lat' dir='ltr'>Patre</span> <span class='ocrx_word' id='word_1_134' title='bbox 1078 2637 1114 2681; x_wconf 88' lang='lat' dir='ltr'>ac</span> <span class='ocrx_word' id='word_1_135' title='bbox 1130 2617 1277 2696; x_wconf 86' lang='lat' dir='ltr'>Pastore,</span> 
     </span>
     <span class='ocr_line' id='line_1_21' title="bbox 304 2713 1277 2797; baseline 0.002 -19"><span class='ocrx_word' id='word_1_136' title='bbox 304 2714 344 2778; x_wconf 89' lang='lat' dir='ltr'>ad</span> <span class='ocrx_word' id='word_1_137' title='bbox 368 2732 459 2794; x_wconf 91' lang='lat' dir='ltr'>quem</span> <span class='ocrx_word' id='word_1_138' title='bbox 482 2731 518 2776; x_wconf 84' lang='lat' dir='ltr'>ex</span> <span class='ocrx_word' id='word_1_139' title='bbox 542 2713 684 2776; x_wconf 91' lang='lat' dir='ltr'>omnibus</span> <span class='ocrx_word' id='word_1_140' title='bbox 706 2714 841 2794; x_wconf 87' lang='lat' dir='ltr'>undique</span> <span class='ocrx_word' id='word_1_141' title='bbox 864 2715 1009 2797; x_wconf 83' lang='lat' dir='ltr'>gentibus</span> <span class='ocrx_word' id='word_1_142' title='bbox 1024 2734 1061 2778; x_wconf 88' lang='lat' dir='ltr'>ac</span> <span class='ocrx_word' id='word_1_143' title='bbox 1082 2717 1277 2793; x_wconf 86' lang='lat' dir='ltr'>nationibus,</span> 
     </span>
     <span class='ocr_line' id='line_1_22' title="bbox 303 2810 1275 2895; baseline 0.003 -21"><span class='ocrx_word' id='word_1_144' title='bbox 303 2812 335 2874; x_wconf 90' lang='lat' dir='ltr'>in</span> <span class='ocrx_word' id='word_1_145' title='bbox 350 2810 555 2895; x_wconf 84' lang='lat' dir='ltr'>grauissimis,</span> <span class='ocrx_word' id='word_1_146' title='bbox 571 2811 764 2892; x_wconf 83' lang='lat' dir='ltr'>maximeque</span> <span class='ocrx_word' id='word_1_147' title='bbox 780 2811 886 2874; x_wconf 86' lang='lat' dir='ltr'>arduis</span> <span class='ocrx_word' id='word_1_148' title='bbox 900 2813 992 2876; x_wconf 90' lang='lat' dir='ltr'>rebus</span> <span class='ocrx_word' id='word_1_149' title='bbox 1007 2811 1114 2876; x_wconf 91' lang='lat' dir='ltr'>fideles</span> <span class='ocrx_word' id='word_1_150' title='bbox 1132 2815 1275 2878; x_wconf 88' lang='lat' dir='ltr'>omnium</span> 
     </span>
     <span class='ocr_line' id='line_1_23' title="bbox 303 2908 1278 2992; baseline 0.004 -21"><span class='ocrx_word' id='word_1_151' title='bbox 303 2927 461 2991; x_wconf 86' lang='lat' dir='ltr'>generum,</span> <span class='ocrx_word' id='word_1_152' title='bbox 491 2908 628 2971; x_wconf 90' lang='lat' dir='ltr'>omnium</span> <span class='ocrx_word' id='word_1_153' title='bbox 660 2908 811 2981; x_wconf 88' lang='lat' dir='ltr'>ordinum,</span> <span class='ocrx_word' id='word_1_154' title='bbox 844 2909 969 2985; x_wconf 87' lang='lat' dir='ltr'>summi,</span> <span class='ocrx_word' id='word_1_155' title='bbox 1001 2909 1101 2973; x_wconf 91' lang='lat' dir='ltr'>infimi</span> <span class='ocrx_word' id='word_1_156' title='bbox 1134 2911 1278 2992; x_wconf 91' lang='lat' dir='ltr'>quotidie</span> 
     </span>
     <span class='ocr_line' id='line_1_24' title="bbox 303 3004 1274 3090; baseline 0.004 -22"><span class='ocrx_word' id='word_1_157' title='bbox 303 3005 470 3079; x_wconf 89' lang='lat' dir='ltr'>confluunt,</span> <span class='ocrx_word' id='word_1_158' title='bbox 488 3004 569 3067; x_wconf 86' lang='lat' dir='ltr'>tanti</span> <span class='ocrx_word' id='word_1_159' title='bbox 592 3004 734 3086; x_wconf 85' lang='lat' dir='ltr'>ponderis</span> <span class='ocrx_word' id='word_1_160' title='bbox 750 3007 863 3069; x_wconf 91' lang='lat' dir='ltr'>molem</span> <span class='ocrx_word' id='word_1_161' title='bbox 880 3009 974 3088; x_wconf 87' lang='lat' dir='ltr'>atque</span> <span class='ocrx_word' id='word_1_162' title='bbox 991 3025 1069 3072; x_wconf 92' lang='lat' dir='ltr'>onus</span> <span class='ocrx_word' id='word_1_163' title='bbox 1086 3009 1274 3090; x_wconf 89' lang='lat' dir='ltr'>populorum</span> 
     </span>
     <span class='ocr_line' id='line_1_25' title="bbox 302 3104 1278 3180; baseline 0.004 -14"><span class='ocrx_word' id='word_1_164' title='bbox 302 3104 547 3179; x_wconf 75' lang='lat' dir='ltr'>sustineantur</span> <span class='ocrx_word' id='word_1_165' title='bbox 578 3120 636 3166; x_wconf 75' lang='lat' dir='ltr'>sao</span> <span class='ocrx_word' id='word_1_166' title='bbox 659 3120 827 3167; x_wconf 72' lang='lat' dir='ltr'>iniussum</span> <span class='ocrx_word' id='word_1_167' title='bbox 858 3121 985 3180; x_wconf 74' lang='lat' dir='ltr'>secura,</span> <span class='ocrx_word' id='word_1_168' title='bbox 1009 3122 1069 3169; x_wconf 78' lang='lat' dir='ltr'>ruo</span> <span class='ocrx_word' id='word_1_169' title='bbox 1097 3124 1181 3179; x_wconf 80' lang='lat' dir='ltr'>nina,</span> <span class='ocrx_word' id='word_1_170' title='bbox 1214 3125 1278 3171; x_wconf 76' lang='lat' dir='ltr'>rao</span> 
     </span>
     <span class='ocr_line' id='line_1_26' title="bbox 300 3215 1275 3280; baseline 0.005 -17"><span class='ocrx_word' id='word_1_171' title='bbox 300 3215 832 3276; x_wconf 77' lang='lat' dir='ltr'>rosnm1n‚cs0uu1rnnsnssrouc</span> <span class='ocrx_word' id='word_1_172' title='bbox 857 3219 1000 3266; x_wconf 81' lang='lat' dir='ltr'>riemanr</span> <span class='ocrx_word' id='word_1_173' title='bbox 1026 3220 1065 3267; x_wconf 79' lang='lat' dir='ltr'>sc</span> <span class='ocrx_word' id='word_1_174' title='bbox 1096 3221 1275 3280; x_wconf 75' lang='lat' dir='ltr'>insonans,</span> 
     </span>
     <span class='ocr_line' id='line_1_27' title="bbox 302 3295 1275 3386; baseline 0.007 -28"><span class='ocrx_word' id='word_1_175' title='bbox 302 3296 356 3376; x_wconf 90' lang='lat' dir='ltr'>qui</span> <span class='ocrx_word' id='word_1_176' title='bbox 378 3297 458 3360; x_wconf 88' lang='lat' dir='ltr'>circa</span> <span class='ocrx_word' id='word_1_177' title='bbox 480 3295 583 3377; x_wconf 93' lang='lat' dir='ltr'>ipsum</span> <span class='ocrx_word' id='word_1_178' title='bbox 607 3297 773 3361; x_wconf 87' lang='lat' dir='ltr'>universali</span> <span class='ocrx_word' id='word_1_179' title='bbox 796 3297 950 3362; x_wconf 82' lang='lat' dir='ltr'>Ecclesiae</span> <span class='ocrx_word' id='word_1_180' title='bbox 974 3300 1135 3364; x_wconf 88' lang='lat' dir='ltr'>serviendo</span> <span class='ocrx_word' id='word_1_181' title='bbox 1163 3303 1275 3386; x_wconf 84' lang='lat' dir='ltr'>singu-</span> 
     </span>
     <span class='ocr_line' id='line_1_28' title="bbox 301 3393 1277 3480; baseline 0.007 -24"><span class='ocrx_word' id='word_1_182' title='bbox 301 3393 404 3457; x_wconf 90' lang='lat' dir='ltr'>larum</span> <span class='ocrx_word' id='word_1_183' title='bbox 427 3393 633 3456; x_wconf 81' lang='lat' dir='ltr'>Ecclesiamm</span> <span class='ocrx_word' id='word_1_184' title='bbox 649 3395 922 3460; x_wconf 88' lang='lat' dir='ltr'>commoditatibus</span> <span class='ocrx_word' id='word_1_185' title='bbox 939 3416 971 3461; x_wconf 88' lang='lat' dir='ltr'>se</span> <span class='ocrx_word' id='word_1_186' title='bbox 987 3398 1181 3480; x_wconf 88' lang='lat' dir='ltr'>impendant,</span> <span class='ocrx_word' id='word_1_187' title='bbox 1198 3418 1277 3480; x_wconf 90' lang='lat' dir='ltr'>quo-</span> 
     </span>
     <span class='ocr_line' id='line_1_29' title="bbox 300 3488 1273 3576; baseline 0.008 -24"><span class='ocrx_word' id='word_1_188' title='bbox 300 3508 371 3552; x_wconf 91' lang='lat' dir='ltr'>rum</span> <span class='ocrx_word' id='word_1_189' title='bbox 394 3489 520 3553; x_wconf 91' lang='lat' dir='ltr'>consilio</span> <span class='ocrx_word' id='word_1_190' title='bbox 542 3488 623 3552; x_wconf 92' lang='lat' dir='ltr'>idem</span> <span class='ocrx_word' id='word_1_191' title='bbox 647 3489 786 3554; x_wconf 79' lang='lat' dir='ltr'>Pontifex</span> <span class='ocrx_word' id='word_1_192' title='bbox 810 3493 931 3574; x_wconf 83' lang='lat' dir='ltr'>agenda</span> <span class='ocrx_word' id='word_1_193' title='bbox 955 3494 1109 3576; x_wconf 86' lang='lat' dir='ltr'>disponat,</span> <span class='ocrx_word' id='word_1_194' title='bbox 1136 3515 1273 3576; x_wconf 90' lang='lat' dir='ltr'>quorum</span> 
     </span>
     <span class='ocr_line' id='line_1_30' title="bbox 301 3587 1276 3670; baseline 0.01 -21"><span class='ocrx_word' id='word_1_195' title='bbox 301 3604 393 3667; x_wconf 88' lang='lat' dir='ltr'>opera</span> <span class='ocrx_word' id='word_1_196' title='bbox 416 3588 448 3650; x_wconf 88' lang='lat' dir='ltr'>et</span> <span class='ocrx_word' id='word_1_197' title='bbox 470 3587 641 3650; x_wconf 86' lang='lat' dir='ltr'>neccssaria</span> <span class='ocrx_word' id='word_1_198' title='bbox 664 3589 695 3650; x_wconf 90' lang='lat' dir='ltr'>et</span> <span class='ocrx_word' id='word_1_199' title='bbox 718 3589 885 3670; x_wconf 91' lang='lat' dir='ltr'>plurimum</span> <span class='ocrx_word' id='word_1_200' title='bbox 920 3590 1079 3657; x_wconf 85' lang='lat' dir='ltr'>fructuosa</span> <span class='ocrx_word' id='word_1_201' title='bbox 1106 3595 1276 3659; x_wconf 82' lang='lat' dir='ltr'>universae</span> 
     </span>
     <span class='ocr_line' id='line_1_31' title="bbox 301 3681 1276 3766; baseline 0.011 -19"><span class='ocrx_word' id='word_1_202' title='bbox 301 3683 500 3766; x_wconf 88' lang='lat' dir='ltr'>Reipublicae</span> <span class='ocrx_word' id='word_1_203' title='bbox 523 3681 716 3749; x_wconf 84' lang='lat' dir='ltr'>Christianae</span> <span class='ocrx_word' id='word_1_204' title='bbox 740 3687 770 3749; x_wconf 91' lang='lat' dir='ltr'>in</span> <span class='ocrx_word' id='word_1_205' title='bbox 794 3688 908 3752; x_wconf 89' lang='lat' dir='ltr'>securis</span> <span class='ocrx_word' id='word_1_206' title='bbox 932 3692 1113 3756; x_wconf 87' lang='lat' dir='ltr'>ornamento</span> <span class='ocrx_word' id='word_1_207' title='bbox 1129 3694 1162 3756; x_wconf 88' lang='lat' dir='ltr'>et</span> <span class='ocrx_word' id='word_1_208' title='bbox 1186 3711 1276 3756; x_wconf 86' lang='lat' dir='ltr'>com·</span> 
     </span>
    </p>
   </div>
   <div class='ocr_carea' id='block_1_6' title="bbox 0 0 1414 4276">
    <p class='ocr_par' dir='ltr' id='par_1_6' title="bbox 0 0 1414 4276">
     <span class='ocr_line' id='line_1_32' title="bbox 0 0 1414 4276; baseline 0 3"><span class='ocrx_word' id='word_1_209' title='bbox 0 0 1414 4276; x_wconf 95' lang='lat' dir='ltr'> </span> 
     </span>
    </p>
   </div>
  </div>
 </body>
</html>
