2818 4276
292 245 357 294 cAP.
381 245 414 291 11.
438 245 477 292 DE
501 245 646 292 lnluraa.
671 243 746 291 BOM.
770 241 936 290 Posuisicis
1052 237 1100 292 157

129 449 227 512 tanus
250 449 283 512 et
305 445 502 511 Bracarensis
526 447 560 508 iu
583 444 764 524 Hispaniis,
789 441 1033 525 salisburgensis
1065 443 1101 506 ia

135 545 330 620 Germania,
353 544 486 609 Pisanus
509 543 544 606 in
567 542 667 607 Italia
697 537 719 606 ¹.

178 643 255 706 460.
295 679 328 688 -
365 643 544 708 Facultates
579 641 777 722 tegularum.
810 673 853 686 -
878 639 902 702 Ι.
934 637 1101 702 «Nemini

18 739 19 742 ’
128 740 264 804 dubium
288 739 531 816 essevolumus,
557 739 603 802 ait
626 738 721 822 Greg.
745 737 793 802 lx
818 737 864 820 (in
887 755 954 820 cap.
981 738 1032 811 11,
1063 736 1101 800 de
1157 785 1158 788 ,

128 837 186 917 off.
210 838 352 919 Lapat),
377 838 451 920 quin
474 838 664 922 Legatorum
689 835 776 902 Sedis
805 835 1002 919 Apostolieae
1033 837 1100 900 sta-

128 938 206 1000 tuta
231 934 315 1000 edita
327 936 358 999 in
375 937 532 1018 provincia
556 935 615 1000 sibi
631 935 795 1000 commissa
808 932 922 997 dierunt
938 935 1100 1014 tamquam

129 1034 294 1115 perpetua,
318 1033 393 1097 liaet
416 1032 555 1097 eamdem
579 1031 777 1115 postmodum
802 1031 864 1094 sint
886 1031 997 1114 egressi
1017 1055 1047 1093 ».

180 1131 257 1193 461.
281 1167 326 1176 —-
349 1130 390 1193 ll.
415 1129 583 1196 Universos
606 1147 726 1203 causas,
751 1147 830 1210 quae
853 1147 906 1210 per
921 1127 1101 1210 appellatio

129 1247 204 1292 nem
221 1227 267 1290 vel
291 1227 514 1310 querimoniam
528 1227 566 1290 ad
583 1245 687 1290 eorum
701 1223 892 1290 audientiam
908 1225 1100 1306 perveniunt,

128 1325 243 1391 audire
267 1327 397 1408 possunt
420 1327 452 1389 et
476 1324 597 1390 debent.

178 1425 257 1486 462.
284 1460 323 1469 -
348 1423 406 1486 lli.
431 1423 573 1506 ipsorum
598 1422 734 1488 officium
759 1441 818 1486 non
850 1423 970 1505 expirat
1001 1424 1101 1486 morte

129 1522 302 1586 mittentis.

177 1619 258 1682 463.
282 1655 326 1666 -—
349 1618 404 1682 IV.
430 1619 544 1700 Lepati
558 1619 629 1682 auti
650 1617 738 1683 hodie
753 1617 868 1682 habent
890 1618 1021 1682 titulum
1038 1618 1102 1682 siue

130 1736 175 1790 re,
201 1719 236 1780 et
258 1715 462 1780 honorificum
485 1733 595 1780 nomen
618 1718 753 1780 tantum.
778 1714 854 1798 (Cir.
880 1715 1011 1799 Soglia).

179 1815 259 1877 464.
284 1851 328 1860 -
345 1813 382 1877 V.
404 1812 592 1878 ordinariae
608 1811 800 1894 Legatarum
823 1811 990 1892 facultates
1014 1811 1103 1877 leodic

133 1914 193 1978 trac
227 1913 293 1992 fare
319 1914 520 1986 reducantur,
545 1913 581 1976 ut
604 1911 778 1996 invigilent,
814 1932 853 1976 an
885 1913 988 1976 omnia
1021 1913 1102 1976 reate

132 2013 215 2076 fiunt
239 2012 272 2075 in
295 2012 452 2094 provincia
476 2011 535 2074 sibi
558 2010 726 2094 assignata,
740 2012 777 2074 ut
799 2030 916 2075 errares
933 2012 964 2074 et
988 2010 1103 2074 abusus

133 2111 226 2174 Rom.
252 2107 395 2174 Pontifici
420 2107 653 2192 significatui
677 2107 926 2172 informationem
950 2107 1104 2190 accipiant

133 2209 217 2272 eirea
243 2207 343 2271 vitam
367 2207 399 2270 et
421 2225 521 2272 mores
544 2224 661 2282 eorum,
686 2205 740 2287 qui
763 2205 803 2270 ad
819 2206 1039 2288 Episcopatum
1057 2221 1102 2267 as·

181 2497 191 2531 ¹
214 2493 228 2521 ‘¹
245 2497 363 2551 Saeculo
384 2496 434 2550 XV
453 2496 653 2565 disparuerunt
671 2495 770 2563 Legati
795 2496 865 2560 neti,
892 2495 1103 2562 arrriseruntque

134 2588 302 2640 universam
321 2585 551 2648 iurisdietionem,
573 2603 629 2640 non
650 2585 881 2640 confirmantibus
908 2585 1030 2652 aruplius
1049 2585 1105 2638 ito-

136 2675 231 2729 manis
252 2673 435 2728 Pontificibus
460 2691 556 2728 eorum
585 2673 653 2728 iura.
683 2673 783 2728 Paucis
810 2673 902 2728 verbis
930 2674 959 2726 id
988 2671 1105 2740 exponit

136 2763 238 2819 Petrus
250 2763 404 2827 DeMarca,
418 2764 462 2818 Dc
478 2762 633 2818 Concordia
646 2763 801 2820 Sacerdote·
815 2771 840 2820 at
854 2763 980 2831 Imperii,
995 2763 1042 2815 libr
1058 2761 1103 2826 Vl,

136 2871 199 2922 cap.
222 2855 266 2915 29,
286 2872 313 2906 n.
334 2855 364 2908 6:
388 2855 397 2875 “
414 2853 534 2908 Romani
554 2853 703 2909 Pontifices
719 2871 782 2908 enm
795 2855 990 2923 intelligerent
1002 2852 1105 2906 Metra-

138 2943 285 3010 politanos
306 2941 379 2996 ferre
399 2943 473 2996 nolle
492 2943 541 2996 uni
561 2960 595 2998 ex
614 2959 664 2996 sua
690 2960 805 3012 corpore
829 2943 951 2998 conferri
974 2942 1017 2995 ine
1044 2957 1105 3008 per·

137 3036 245 3100 petuae
266 3030 482 3098 praesidentiae,
507 3031 706 3086 existimarunt
734 3031 886 3086 mittendos
906 3047 967 3086 esse
995 3029 1104 3098 legatos

138 3122 166 3175 in
188 3121 299 3176 Gallias
320 3126 349 3177 et
368 3121 398 3174 in
418 3121 475 3174 alia
495 3138 618 3188 regna,
639 3121 699 3175 Hoa
719 3121 774 3176 fuit
793 3121 905 3175 initium
925 3119 1104 3181 Nuntiatum,

139 3212 188 3278 qui
210 3211 280 3264 dieti
300 3214 367 3264 sunt
385 3211 543 3266 residentes.
564 3210 664 3264 Eorum
691 3209 794 3278 positio
814 3211 865 3264 sab
892 3227 948 3263 uno
976 3209 1106 3274 respectu

142 3301 227 3354 valde
242 3300 342 3354 similis
356 3304 400 3354 est
413 3300 546 3368 positioni
557 3299 808 3368 apocrisiariorum
822 3301 867 3353 vel
881 3296 1106 3365 Responsalium,

141 3391 190 3458 qni
211 3390 314 3444 saltem
335 3407 351 3442 a
370 3387 470 3442 Leonis
489 3388 587 3458 Magni
607 3389 781 3456 temporibus
801 3389 836 3442 ad
857 3387 1037 3443 Constantini
1057 3383 1107 3438 Po·

142 3479 244 3546 gonati
264 3479 416 3548 imperium
435 3479 464 3532 in
484 3477 800 3546 constantinopolitana
813 3479 882 3532 urbe
895 3477 971 3546 apud
984 3473 1106 3530 Orientis

145 3569 343 3637 Imperatores,
378 3572 407 3622 et
440 3567 470 3622 in
505 3567 567 3636 ipsa
598 3567 803 3636 imperatorum
839 3567 904 3622 sula
936 3566 1106 3621 residebant,

143 3657 197 3716 (De
218 3655 358 3728 Angelis).
