2818 4276
282 273 348 318 GAP.
375 273 394 316 Ι.
420 273 459 317 DE
486 270 741 318 cotinuc'rlon'lssr's
764 271 912 318 taxonem
1047 271 1083 323 79

120 471 159 534 ll.
176 469 375 534 Continentia
391 470 430 534 ad
446 472 552 534 nostra
566 491 662 552 usque
678 473 817 553 tempora
831 473 963 554 primum
982 471 1080 548 Preti,

117 569 207 634 hodic
222 567 352 651 Neapoli
368 569 450 632 facta
475 571 532 633 est.

159 669 233 732 230.
251 705 295 713 ——-
311 668 486 748 Utrumque
502 669 606 732 tamen
633 669 809 732 Bullatium
833 669 971 750 (excepto
988 667 1083 733 Bene-

115 767 242 850 dictino)
274 766 486 848 imperfectum
520 767 645 840 existit3
677 767 771 830 habet
794 767 875 830 enim
910 767 998 850 plura
1031 768 1081 832 vix

116 865 217 930 utilia.
235 867 267 928 et
290 864 503 928 desiderantur
523 883 583 928 non
606 884 704 946 pauca
728 866 834 946 magni
857 865 1007 929 momenti
1031 865 1083 930 do·

115 966 278 1026 cumenta:
308 981 386 1044 quae
409 963 578 1026 dictasint
601 963 716 1044 absque
744 963 793 1026 vel
816 963 945 1026 minima
969 963 1081 1028 iniuria

114 1061 325 1136 collectorum,
350 1061 403 1142 qui
426 1059 577 1125 indefesso
601 1061 707 1124 labore
730 1062 883 1142 sapienter
906 1061 1079 1126 Bullarium

114 1160 324 1234 confecerunt3
341 1160 372 1222 in
389 1160 495 1222 tantae
512 1159 592 1222 enim
609 1159 701 1224 molis
718 1178 817 1241 opere,
840 1160 985 1240 perfectio
1002 1179 1081 1224 com·

112 1258 275 1339 pilatiouia
299 1257 481 1320 difficillima
506 1259 620 1322 evadit.

157 1356 235 1417 231.
268 1393 306 1402 -
343 1355 486 1419 Habetur
519 1357 614 1418 ctiam
651 1354 835 1417 Baliarium
875 1355 1082 1434 Pontificatum

114 1451 147 1515 S.
170 1451 433 1533 Conprepaaomfs
451 1452 489 1515 dc
502 1451 722 1532 Propuparula
738 1452 819 1514 Fide
835 1453 966 1534 (Romae
985 1455 1081 1516 laio-

115 1550 215 1624 1846,
234 1551 252 1612 8
271 1550 333 1614 vol.
350 1550 439 1632 ind).
464 1551 509 1614 De
533 1551 677 1614 Martinis
694 1550 824 1614 alteram
849 1551 985 1615 eiusdem
1010 1551 1083 1614 Bul·

110 1646 185 1709 larii
200 1647 367 1710 editionem
385 1647 537 1729 disposuit
554 1648 610 1711 sub
630 1647 725 1710 titulo
749 1648 837 1710 Irrrrs
866 1647 1031 1730 Porrtr'ficr'i
1046 1649 1083 1712 de

112 1743 334 1824 Prrpraparrdo
357 1743 447 1807 atde.
465 1745 545 1808 Item
560 1743 747 1807 Baliarium
770 1745 935 1807 Minorem
963 1743 1082 1824 Capre-

109 1843 256 1904 circorum
280 1842 338 1922 (XI
363 1842 424 1904 vol.
449 1843 571 1924 insol),
595 1841 855 1916 Franciscrrnrrrrr,
882 1841 1083 1906 Praedicato-

113 1959 198 2014 rura,
218 1942 285 2008 etc.
311 1943 379 2014 etc„
409 1940 448 2002 ad
471 1941 643 2004 utilitatem
667 1939 906 2021 respectivorum
932 1939 1081 2006 Ordinum

112 2038 316 2120 regularium.

160 2136 236 2198 232.
254 2173 298 2181 -
314 2135 451 2203 Decreta
467 2133 596 2204 concilii
621 2133 806 2203 Tridentini.
825 2135 996 2201 Concilium
1013 2137 1082 2201 Tri-

113 2233 279 2296 dentinum
293 2233 355 2314 (au.
368 2235 568 2318 lora-laos)
581 2254 598 2298 a
611 2235 667 2298 Pio
680 2235 725 2297 IV
738 2235 785 2298 die
799 2237 840 2298 26
854 2236 977 2299 Ianuar.
993 2237 1079 2298 1564

111 2330 342 2406 confirmatum,
360 2334 482 2395 constat
504 2333 545 2395 25
563 2333 759 2410 sessionibus,
776 2353 812 2397 eu
829 2333 940 2414 quibus
959 2333 999 2395 13
1016 2335 1083 2396 tan-

110 2432 183 2492 tum
208 2429 329 2493 decreta
346 2430 382 2493 de
406 2430 465 2492 fide
485 2432 541 2494 aut
564 2431 703 2494 moribus
726 2431 892 2506 continent,
910 2431 1081 2511 etquidem

113 2527 175 2590 t'ere
200 2527 340 2609 singulae
357 2527 393 2590 de
416 2529 549 2608 utraque
572 2528 704 2591 materia
725 2531 833 2611 agunt.

160 2627 236 2688 233.
261 2625 404 2688 —Pars
429 2625 606 2708 dogmatica
638 2625 732 2688 habet
758 2627 861 2707 capita
885 2629 916 2689 et
939 2645 1079 2702 canones,

112 2742 185 2805 pars
221 2723 424 2804 disciplinaris
449 2723 531 2786 dicta
555 2723 592 2785 de
608 2721 842 2800 Refornmtiorre
865 2725 1001 2788 continet
1028 2707 1080 2786 ile-

110 2825 208 2883 crcto.
233 2820 369 2884 Decreta
385 2820 594 2902 disciplinaris
619 2820 683 2882 vim
706 2821 781 2882 iuris
805 2822 977 2884 communis
1001 2821 1080 2884 obti-

110 2920 186 2981 neut
203 2918 341 3000 (excepto
354 2937 427 2981 casu
441 2917 620 2999 posterioris
636 2916 872 2998 dispensationis
889 2917 1077 3000 pontificiae)

109 3016 144 3079 et
160 3017 272 3080 merito
296 3016 449 3079 habentur
464 3015 512 3078 uti
528 3033 598 3096 pars
614 3015 777 3096 praecipua
804 3013 885 3078 luris
906 3013 1077 3077 novissimi.

109 3219 146 3227 —-
165 3190 285 3244 Bullarii
301 3189 420 3244 Romani
440 3188 616 3244 continuatio
637 3187 711 3242 Sum.
727 3187 805 3241 Pont.
827 3185 980 3240 Clementis
1001 3184 1076 3238 Xlll.

109 3277 186 3342 XIV,
207 3277 250 3330 Pii
269 3277 316 3341 Vl,
337 3277 398 3342 Vll,
419 3278 518 3332 Leonis
539 3277 599 3341 XII,
621 3276 661 3329 Pii
684 3275 756 3339 vill,
770 3275 898 3343 Gregorii
918 3274 991 3334 xvi,
1006 3290 1075 3340 quas

108 3369 229 3438 collegit
256 3368 328 3422 And.
350 3369 382 3420 A.
410 3367 537 3422 Barbari.
561 3367 667 3421 Romae
694 3365 757 3434 Tip.
782 3363 858 3418 Cam.
879 3367 978 3432 Apoat.
1000 3362 1078 3416 1846.

111 3460 145 3512 19
164 3459 220 3512 vol.
236 3457 285 3512 fol.
307 3456 396 3510 Simul
416 3457 447 3509 51
469 3457 523 3510 vol.
545 3455 593 3509 fol.
610 3482 642 3491 -
662 3455 750 3509 Adest
769 3469 843 3508 nova
862 3451 992 3507 collectio
1006 3449 1078 3504 Tau·

109 3549 248 3604 ripensis:
269 3547 425 3601 Baliarium
439 3547 595 3600 Romanum
612 3563 628 3598 a
643 3545 668 3598 S.
681 3545 771 3598 Leone
785 3543 888 3608 Magno
899 3543 935 3596 ad
949 3541 1079 3597 Clemen-

7 3623 9 3630 ’
110 3643 172 3694 tem
191 3637 264 3701 Xll3
285 3635 372 3690 editio
388 3633 570 3689 'laurinensis
591 3650 658 3686 cura
686 3637 715 3687 et
740 3633 832 3687 studio
858 3631 889 3684 D.
911 3631 1077 3686 Tomasetti.

113 3729 261 3797 Augustae
282 3725 366 3779 Taur.
389 3725 513 3790 1858-70,
535 3725 568 3777 25
588 3723 643 3777 vol.
663 3725 688 3776 4.
