2812 4268
335 287 401 334 CAP.
424 289 445 334 1.
470 288 509 334 ΒΕ
533 288 703 336 Pornsnnrn
727 290 885 338 rnnlclnnl
1044 290 1094 344 431
1116 293 1118 298 ’

132 523 189 568 nec
212 524 318 570 earum
342 507 475 570 rectores
497 508 657 590 proprium
681 510 840 591 populum,
869 529 960 590 quem
976 514 1097 595 regant,

77 639 79 644 ·
130 602 187 666 sed
203 604 374 685 promiscue
390 605 566 686 petentibus
582 605 782 670 Sacramenta
798 607 1029 686 administrant,
1049 610 1098 674 vel

130 699 229 764 ctiam
254 701 357 764 nullae
380 703 453 764 sunt
477 702 677 784 parochiales,
701 721 720 766 a
744 702 894 769 divisione
910 725 963 770 seu
987 707 1097 770 distin-

131 797 236 862 ctione
259 799 486 880 parochiarum,
511 818 677 881 earumque
701 801 893 867 ordinatione
920 804 985 868 sive
1008 805 1098 868 insti-

135 897 257 960 tutione
280 897 311 959 in
335 897 465 960 titulum
489 899 681 979 perpetuum,
706 899 793 963 iuxta
824 902 989 965 Decretum
1013 902 1098 968 Sacri

133 992 273 1077 Concilii,
291 993 372 1058 Sese.
389 999 444 1071 24,
461 995 499 1058 de
515 993 666 1074 Reform,
683 1016 750 1075 cop.
767 1001 818 1060 13.

183 1092 279 1154 1386.
299 1129 338 1138 -
356 1091 457 1154 xvir.
471 1092 551 1155 Item
567 1111 585 1156 a
602 1093 800 1175 deputatione
818 1096 934 1172 vicarii,
951 1097 1000 1162 vel
1016 1117 1100 1163 oeco-

135 1189 232 1264 nomi,
255 1209 326 1253 cum
357 1191 567 1273 assignatione
597 1209 761 1274 congruae,
786 1211 840 1274 pro
864 1195 1012 1276 tempore,
1038 1215 1097 1277 quo

136 1289 229 1351 vacat
251 1287 377 1352 ecclesia
400 1288 597 1368 parochialis,
621 1292 714 1370 prout
739 1291 835 1354 etiam
859 1292 897 1355 ab
932 1293 1099 1359 indictione

132 1404 312 1469 concursus,
336 1386 486 1449 relatione
520 1387 777 1463 examinatorum,
802 1407 918 1453 necnon
952 1391 1099 1472 praeelec-

134 1484 228 1558 tione,
252 1485 284 1547 et
307 1485 481 1564 provisione
508 1484 649 1566 Episcopi
665 1485 696 1548 in
712 1485 819 1550 eodem
835 1505 994 1563 concursu,
1012 1489 1099 1553 iuxta

135 1580 347 1645 definitionem
372 1581 456 1644 Sacri
481 1581 606 1646 Concilii
633 1584 663 1646 in
682 1583 788 1647 eadem
814 1587 897 1649 Sese.
913 1589 969 1658 24,
986 1587 1024 1649 de
1040 1587 1099 1650 Re·

134 1675 239 1756 form,
263 1699 329 1758 cop.
354 1683 405 1744 18.

185 1777 280 1839 1387.
305 1814 349 1822 -
372 1776 490 1840 XVlll.
521 1778 601 1842 ltem
632 1799 651 1844 a
682 1781 847 1856 mandatis,
880 1799 934 1845 seu
961 1783 1101 1846 Decretis

137 1875 348 1939 inhibentibus
383 1876 653 1956 praedicationem,
690 1877 739 1941 vel
772 1879 912 1960 publicas
942 1879 1099 1953 lectiones,

136 1977 194 2039 aut
217 1974 437 2050 coercentibus,
463 1975 512 2038 vel
534 1976 732 2056 punientibus
760 1995 979 2058 quoscumque,
1003 1978 1099 2040 etiam

134 2075 304 2154 exemptos,
333 2075 406 2135 vtam
442 2073 625 2148 saeculares,
657 2093 751 2154 quam
783 2074 950 2157 regulares,
983 2075 1036 2156 qui
1067 2074 1098 2136 in

134 2173 246 2236 alienis
280 2171 425 2245 ecclesiis,
462 2189 540 2252 quae
575 2189 700 2234 suorum
734 2171 884 2235 Ordinum
918 2191 980 2236 non
1015 2174 1098 2249 sunt,
1161 2209 1163 2214 ·

136 2273 253 2352 absque
276 2269 419 2351 Episcopi
442 2269 577 2342 licentia,
601 2269 632 2332 et
655 2270 686 2332 in
710 2269 845 2334 eeclesiis
869 2270 943 2346 suis,
960 2271 1017 2334 aut
1032 2289 1099 2336 suo·

136 2389 206 2432 rum
230 2368 390 2442 Ordinum,
415 2387 475 2431 non
499 2367 597 2448 petita
620 2368 705 2431 illius
728 2367 949 2444 benedictione,
966 2371 1099 2451 autipso

133 2466 374 2538 contradicente,
400 2465 574 2547 praedicare
590 2454 870 2548 praesumpserint:
887 2467 973 2530 iuxta
989 2468 1099 2530 Decre-

137 2568 206 2629 tum
230 2563 316 2627 Sacri
340 2561 478 2638 Consilii,
503 2561 585 2626 Scss.
614 2565 643 2637 5,
675 2563 711 2626 de
733 2563 882 2648 Reform,
915 2584 981 2644 cop,
1009 2567 1042 2642 2,
1071 2571 1101 2628 et

143 2660 225 2727 Sese.
254 2665 309 2736 24,
337 2659 483 2724 similiter
506 2659 543 2723 de
574 2660 724 2739 Reform,
752 2683 818 2742 cop.
836 2667 867 2738 4,
896 2664 927 2726 et
944 2663 1100 2727 Constitu·

133 2763 251 2826 tionem
276 2759 344 2842 piae
367 2778 459 2822 mem.
485 2757 627 2842 Gregorii
651 2759 719 2836 XV,
737 2779 815 2842 quae
831 2761 956 2843 incipit:
973 2761 1099 2824 Irascere-

136 2859 238 2936 toba't',
257 2859 274 2941 ξ
291 2857 347 2936 fio.
364 2875 513 2920 unacum
530 2855 790 2922 declarationibus
806 2859 959 2922 contentis
975 2859 1007 2922 in
1024 2857 1100 2924 Con·

135 2959 204 3022 stit.
228 2955 396 3022 Clementis
418 2954 479 3017 PP.
495 2954 534 3032 X,
559 2973 637 3036 quae
660 2955 785 3037 incipit:
810 2957 965 3036 Superba.

185 3055 280 3118 1388.
305 3089 349 3098 -
372 3052 456 3115 ΧΙΧ.
473 3053 521 3138 ¹lit
548 3054 733 3135 generaliter
748 3055 780 3116 in
797 3055 940 3118 omnibus
956 3057 1004 3131 iis,
1022 3075 1099 3138 quae

136 3154 292 3236 pertinent
307 3151 347 3215 ad
363 3169 468 3216 curam
484 3150 669 3225 animarum,
694 3152 726 3214 et
748 3154 863 3216 rectam
882 3154 1101 3217 Sacramento-
1149 3210 1152 3216 .

134 3271 204 3315 rum
217 3249 530 3323 administrationem,
540 3249 687 3313 adversus
699 3251 922 3328 visitationem,
939 3251 1101 3316 correctio-

136 3367 216 3423 nem,
233 3347 446 3412 coercitionem
459 3347 491 3408 et
507 3363 716 3428 quascumque
732 3349 811 3412 alias
826 3349 1013 3430 provisiones
1028 3349 1101 3437 llpi-

133 3447 220 3529 scopi
232 3445 414 3520 dioecesani,
427 3444 523 3507 etiam
539 3444 639 3524 quoad
655 3447 820 3526 exemptos,
833 3446 902 3536 sive
917 3447 1100 3522 saeculares,

135 3546 201 3609 sive
228 3543 395 3625 regulares.
431 3543 519 3606 iuxta
548 3541 711 3608 laudatam
737 3541 1000 3610 Constitutionem
1028 3543 1102 3609 Gra·

135 3643 217 3726 gorii
241 3641 309 3716 XV,
335 3659 413 3723 quae
436 3641 561 3722 incipit:
575 3639 801 3708 ,Iascrutadr'la
