<?xml version="1.0" encoding="UTF-8"?>
<!DOCTYPE html PUBLIC "-//W3C//DTD XHTML 1.0 Transitional//EN"
    "http://www.w3.org/TR/xhtml1/DTD/xhtml1-transitional.dtd">
<html xmlns="http://www.w3.org/1999/xhtml" xml:lang="en" lang="en">
 <head>
  <title>
</title>
<meta http-equiv="Content-Type" content="text/html;charset=utf-8" />
  <meta name='ocr-system' content='tesseract 3.04.00' />
  <meta name='ocr-capabilities' content='ocr_page ocr_carea ocr_par ocr_line ocrx_word'/>
</head>
<body>
  <div class='ocr_page' id='page_1' title='image "./compendiumiuris00tutgoog_0299.png"; bbox 0 0 2758 4270; ppageno 0'>
   <div class='ocr_carea' id='block_1_1' title="bbox 257 237 945 290">
    <p class='ocr_par' dir='ltr' id='par_1_1' title="bbox 257 237 945 290">
     <span class='ocr_line' id='line_1_1' title="bbox 257 237 945 290; baseline 0.009 -9"><span class='ocrx_word' id='word_1_1' title='bbox 257 237 312 290; x_wconf 77' lang='lat'>290</span> <span class='ocrx_word' id='word_1_2' title='bbox 539 240 712 286; x_wconf 70' lang='lat' dir='ltr'>sanciatus</span> <span class='ocrx_word' id='word_1_3' title='bbox 736 241 775 286; x_wconf 84' lang='lat' dir='ltr'>DE</span> <span class='ocrx_word' id='word_1_4' title='bbox 799 241 945 288; x_wconf 70' lang='lat' dir='ltr'>Passurus</span> 
     </span>
    </p>
   </div>
   <div class='ocr_carea' id='block_1_2' title="bbox 259 427 1238 616">
    <p class='ocr_par' dir='ltr' id='par_1_2' title="bbox 259 427 1238 616">
     <span class='ocr_line' id='line_1_2' title="bbox 294 427 1238 517; baseline 0 -19"><span class='ocrx_word' id='word_1_5' title='bbox 294 427 379 499; x_wconf 90' lang='grc'>860.</span> <span class='ocrx_word' id='word_1_6' title='bbox 395 473 441 482; x_wconf 87' lang='grc'>-</span> <span class='ocrx_word' id='word_1_7' title='bbox 458 457 476 498; x_wconf 73' lang='lat' dir='ltr'>c</span> <span class='ocrx_word' id='word_1_8' title='bbox 492 435 546 499; x_wconf 91' lang='lat' dir='ltr'>IV.</span> <span class='ocrx_word' id='word_1_9' title='bbox 572 435 720 498; x_wconf 82' lang='lat' dir='ltr'>Facultas</span> <span class='ocrx_word' id='word_1_10' title='bbox 743 437 849 498; x_wconf 89' lang='lat' dir='ltr'>autem</span> <span class='ocrx_word' id='word_1_11' title='bbox 874 435 1054 498; x_wconf 91' lang='lat' dir='ltr'>dimittendi</span> <span class='ocrx_word' id='word_1_12' title='bbox 1074 435 1238 517; x_wconf 84' lang='lat' dir='ltr'>professos</span> 
     </span>
     <span class='ocr_line' id='line_1_3' title="bbox 259 530 1238 616; baseline -0.008 -14"><span class='ocrx_word' id='word_1_13' title='bbox 259 536 404 602; x_wconf 79' lang='lat' dir='ltr'>votorum</span> <span class='ocrx_word' id='word_1_14' title='bbox 421 533 621 615; x_wconf 88' lang='lat' dir='ltr'>simplicium,</span> <span class='ocrx_word' id='word_1_15' title='bbox 638 533 674 596; x_wconf 91' lang='lat' dir='ltr'>de</span> <span class='ocrx_word' id='word_1_16' title='bbox 691 532 802 613; x_wconf 90' lang='lat' dir='ltr'>quibus</span> <span class='ocrx_word' id='word_1_17' title='bbox 816 534 934 616; x_wconf 87' lang='lat' dir='ltr'>agitur,</span> <span class='ocrx_word' id='word_1_18' title='bbox 947 534 1068 614; x_wconf 90' lang='lat' dir='ltr'>spectat</span> <span class='ocrx_word' id='word_1_19' title='bbox 1084 532 1125 594; x_wconf 90' lang='lat' dir='ltr'>ad</span> <span class='ocrx_word' id='word_1_20' title='bbox 1143 530 1238 596; x_wconf 84' lang='lat' dir='ltr'>Com-</span> 
     </span>
    </p>
   </div>
   <div class='ocr_carea' id='block_1_3' title="bbox 237 629 1238 2664">
    <p class='ocr_par' dir='ltr' id='par_1_3' title="bbox 237 629 1238 2664">
     <span class='ocr_line' id='line_1_4' title="bbox 258 629 1237 712; baseline -0.001 -18"><span class='ocrx_word' id='word_1_21' title='bbox 258 632 437 695; x_wconf 91' lang='lat' dir='ltr'>missarium</span> <span class='ocrx_word' id='word_1_22' title='bbox 461 630 679 712; x_wconf 70' lang='lat' dir='ltr'>apostolicum</span> <span class='ocrx_word' id='word_1_23' title='bbox 699 630 708 662; x_wconf 77' lang='lat'>¹</span> <span class='ocrx_word' id='word_1_24' title='bbox 730 629 853 694; x_wconf 85' lang='lat' dir='ltr'>Ordinis</span> <span class='ocrx_word' id='word_1_25' title='bbox 877 649 947 693; x_wconf 91' lang='lat' dir='ltr'>cum</span> <span class='ocrx_word' id='word_1_26' title='bbox 964 648 1020 694; x_wconf 93' lang='lat' dir='ltr'>suo</span> <span class='ocrx_word' id='word_1_27' title='bbox 1037 629 1166 694; x_wconf 90' lang='lat' dir='ltr'>consilio</span> <span class='ocrx_word' id='word_1_28' title='bbox 1183 647 1237 712; x_wconf 85' lang='lat' dir='ltr'>ge-</span> 
     </span>
     <span class='ocr_line' id='line_1_5' title="bbox 259 728 1236 812; baseline -0.002 -18"><span class='ocrx_word' id='word_1_29' title='bbox 259 730 368 794; x_wconf 88' lang='lat' dir='ltr'>nerali.</span> <span class='ocrx_word' id='word_1_30' title='bbox 392 729 479 792; x_wconf 83' lang='lat' dir='ltr'>Idem</span> <span class='ocrx_word' id='word_1_31' title='bbox 504 728 745 794; x_wconf 84' lang='lat' dir='ltr'>Commissarius</span> <span class='ocrx_word' id='word_1_32' title='bbox 768 730 968 812; x_wconf 83' lang='lat' dir='ltr'>Apostolicus</span> <span class='ocrx_word' id='word_1_33' title='bbox 985 748 1055 792; x_wconf 92' lang='lat' dir='ltr'>cum</span> <span class='ocrx_word' id='word_1_34' title='bbox 1073 747 1130 792; x_wconf 92' lang='lat' dir='ltr'>suo</span> <span class='ocrx_word' id='word_1_35' title='bbox 1142 748 1236 812; x_wconf 86' lang='lat' dir='ltr'>gene·</span> 
     </span>
     <span class='ocr_line' id='line_1_6' title="bbox 261 825 1234 910; baseline 0 -20"><span class='ocrx_word' id='word_1_36' title='bbox 261 829 319 892; x_wconf 93' lang='lat' dir='ltr'>rali</span> <span class='ocrx_word' id='word_1_37' title='bbox 343 825 473 892; x_wconf 90' lang='lat' dir='ltr'>consilio</span> <span class='ocrx_word' id='word_1_38' title='bbox 497 829 610 909; x_wconf 88' lang='lat' dir='ltr'>poterit</span> <span class='ocrx_word' id='word_1_39' title='bbox 631 828 663 890; x_wconf 95' lang='lat' dir='ltr'>in</span> <span class='ocrx_word' id='word_1_40' title='bbox 678 829 800 892; x_wconf 80' lang='lat' dir='ltr'><strong>casibus</strong></span> <span class='ocrx_word' id='word_1_41' title='bbox 816 827 1078 903; x_wconf 77' lang='lat' dir='ltr'>extraordinariis,</span> <span class='ocrx_word' id='word_1_42' title='bbox 1095 829 1128 891; x_wconf 92' lang='lat' dir='ltr'>et</span> <span class='ocrx_word' id='word_1_43' title='bbox 1144 846 1234 910; x_wconf 91' lang='lat' dir='ltr'>prae-</span> 
     </span>
     <span class='ocr_line' id='line_1_7' title="bbox 261 925 1233 1009; baseline -0.004 -19"><span class='ocrx_word' id='word_1_44' title='bbox 261 926 369 990; x_wconf 89' lang='lat' dir='ltr'>sertim</span> <span class='ocrx_word' id='word_1_45' title='bbox 382 944 436 1006; x_wconf 92' lang='lat' dir='ltr'>pro</span> <span class='ocrx_word' id='word_1_46' title='bbox 450 925 629 1009; x_wconf 84' lang='lat' dir='ltr'>regionibus</span> <span class='ocrx_word' id='word_1_47' title='bbox 642 926 674 988; x_wconf 94' lang='lat' dir='ltr'>et</span> <span class='ocrx_word' id='word_1_48' title='bbox 685 926 759 988; x_wconf 94' lang='lat' dir='ltr'>locis</span> <span class='ocrx_word' id='word_1_49' title='bbox 771 925 959 1008; x_wconf 84' lang='lat' dir='ltr'>longinquis,</span> <span class='ocrx_word' id='word_1_50' title='bbox 969 925 1008 988; x_wconf 91' lang='lat' dir='ltr'>ad</span> <span class='ocrx_word' id='word_1_51' title='bbox 1017 925 1233 988; x_wconf 85' lang='lat' dir='ltr'>dimissionem</span> 
     </span>
     <span class='ocr_line' id='line_1_8' title="bbox 261 1021 1233 1105; baseline -0.001 -20"><span class='ocrx_word' id='word_1_52' title='bbox 261 1022 483 1086; x_wconf 78' lang='lat' dir='ltr'>decernendam</span> <span class='ocrx_word' id='word_1_53' title='bbox 496 1021 698 1105; x_wconf 83' lang='lat' dir='ltr'>subdelegare</span> <span class='ocrx_word' id='word_1_54' title='bbox 710 1023 870 1105; x_wconf 84' lang='lat' dir='ltr'>religiosos</span> <span class='ocrx_word' id='word_1_55' title='bbox 881 1022 994 1104; x_wconf 89' lang='lat' dir='ltr'>probos</span> <span class='ocrx_word' id='word_1_56' title='bbox 1006 1022 1039 1084; x_wconf 90' lang='lat' dir='ltr'>et</span> <span class='ocrx_word' id='word_1_57' title='bbox 1050 1021 1233 1102; x_wconf 89' lang='lat' dir='ltr'>prudentes,</span> 
     </span>
     <span class='ocr_line' id='line_1_9' title="bbox 261 1119 745 1202; baseline -0.006 -18"><span class='ocrx_word' id='word_1_58' title='bbox 261 1120 315 1202; x_wconf 89' lang='lat' dir='ltr'>qui</span> <span class='ocrx_word' id='word_1_59' title='bbox 331 1121 446 1184; x_wconf 89' lang='lat' dir='ltr'>saltem</span> <span class='ocrx_word' id='word_1_60' title='bbox 463 1123 526 1182; x_wconf 91' lang='lat' dir='ltr'>tres</span> <span class='ocrx_word' id='word_1_61' title='bbox 542 1138 608 1182; x_wconf 90' lang='lat' dir='ltr'>csse</span> <span class='ocrx_word' id='word_1_62' title='bbox 625 1119 745 1182; x_wconf 87' lang='lat' dir='ltr'>debent.</span> 
     </span>
     <span class='ocr_line' id='line_1_10' title="bbox 305 1203 1232 1280; baseline -0.002 0"><span class='ocrx_word' id='word_1_63' title='bbox 305 1217 382 1280; x_wconf 90' lang='grc'>861.</span> <span class='ocrx_word' id='word_1_64' title='bbox 409 1253 453 1262; x_wconf 89' lang='grc'>-</span> <span class='ocrx_word' id='word_1_65' title='bbox 480 1241 498 1274; x_wconf 90' lang='lat'>‹</span> <span class='ocrx_word' id='word_1_66' title='bbox 532 1215 570 1278; x_wconf 88' lang='lat' dir='ltr'>V.</span> <span class='ocrx_word' id='word_1_67' title='bbox 600 1217 686 1279; x_wconf 89' lang='lat' dir='ltr'>Licet</span> <span class='ocrx_word' id='word_1_68' title='bbox 710 1203 749 1280; x_wconf 90' lang='lat' dir='ltr'>ad</span> <span class='ocrx_word' id='word_1_69' title='bbox 772 1215 990 1280; x_wconf 83' lang='lat' dir='ltr'>decernendam</span> <span class='ocrx_word' id='word_1_70' title='bbox 1017 1215 1232 1279; x_wconf 88' lang='lat' dir='ltr'>dimissionem</span> 
     </span>
     <span class='ocr_line' id='line_1_11' title="bbox 261 1312 1233 1396; baseline -0.005 -16"><span class='ocrx_word' id='word_1_71' title='bbox 261 1334 359 1396; x_wconf 89' lang='lat' dir='ltr'>neque</span> <span class='ocrx_word' id='word_1_72' title='bbox 384 1333 555 1396; x_wconf 85' lang='lat' dir='ltr'>processus,</span> <span class='ocrx_word' id='word_1_73' title='bbox 581 1334 678 1395; x_wconf 90' lang='lat' dir='ltr'>neque</span> <span class='ocrx_word' id='word_1_74' title='bbox 701 1314 808 1377; x_wconf 90' lang='lat' dir='ltr'>iudicii</span> <span class='ocrx_word' id='word_1_75' title='bbox 832 1314 932 1378; x_wconf 85' lang='lat' dir='ltr'>torma</span> <span class='ocrx_word' id='word_1_76' title='bbox 963 1313 1151 1394; x_wconf 76' lang='lat' dir='ltr'>requiratur,</span> <span class='ocrx_word' id='word_1_77' title='bbox 1177 1312 1233 1378; x_wconf 89' lang='lat' dir='ltr'>sed</span> 
     </span>
     <span class='ocr_line' id='line_1_12' title="bbox 237 1411 1234 1494; baseline -0.004 -17"><span class='ocrx_word' id='word_1_78' title='bbox 237 1478 240 1482; x_wconf 81' lang='grc'><strong>,</strong></span> <span class='ocrx_word' id='word_1_79' title='bbox 262 1413 303 1477; x_wconf 89' lang='lat' dir='ltr'>ad</span> <span class='ocrx_word' id='word_1_80' title='bbox 323 1431 392 1476; x_wconf 89' lang='lat' dir='ltr'>eam</span> <span class='ocrx_word' id='word_1_81' title='bbox 417 1411 539 1494; x_wconf 82' lang='lat' dir='ltr'>procedi</span> <span class='ocrx_word' id='word_1_82' title='bbox 563 1412 672 1494; x_wconf 80' lang='lat' dir='ltr'>possit,</span> <span class='ocrx_word' id='word_1_83' title='bbox 686 1411 754 1474; x_wconf 91' lang='lat' dir='ltr'>sola</span> <span class='ocrx_word' id='word_1_84' title='bbox 770 1411 845 1475; x_wconf 86' lang='lat' dir='ltr'>lacti</span> <span class='ocrx_word' id='word_1_85' title='bbox 861 1411 994 1479; x_wconf 88' lang='lat' dir='ltr'>veritate</span> <span class='ocrx_word' id='word_1_86' title='bbox 1010 1412 1167 1492; x_wconf 81' lang='lat' dir='ltr'>inspecta3</span> <span class='ocrx_word' id='word_1_87' title='bbox 1186 1413 1234 1474; x_wconf 88' lang='lat' dir='ltr'>ta-</span> 
     </span>
     <span class='ocr_line' id='line_1_13' title="bbox 263 1507 1233 1591; baseline -0.002 -17"><span class='ocrx_word' id='word_1_88' title='bbox 263 1529 333 1574; x_wconf 91' lang='lat' dir='ltr'>men</span> <span class='ocrx_word' id='word_1_89' title='bbox 350 1508 527 1591; x_wconf 85' lang='lat' dir='ltr'>Superiores</span> <span class='ocrx_word' id='word_1_90' title='bbox 539 1509 700 1589; x_wconf 86' lang='lat' dir='ltr'>procedere</span> <span class='ocrx_word' id='word_1_91' title='bbox 713 1508 824 1572; x_wconf 89' lang='lat' dir='ltr'>debent</span> <span class='ocrx_word' id='word_1_92' title='bbox 839 1527 962 1571; x_wconf 88' lang='lat' dir='ltr'>summa</span> <span class='ocrx_word' id='word_1_93' title='bbox 978 1507 1142 1584; x_wconf 78' lang='lat' dir='ltr'>charitate,</span> <span class='ocrx_word' id='word_1_94' title='bbox 1160 1527 1233 1590; x_wconf 90' lang='lat' dir='ltr'>pru·</span> 
     </span>
     <span class='ocr_line' id='line_1_14' title="bbox 263 1605 1233 1687; baseline -0.001 -16"><span class='ocrx_word' id='word_1_95' title='bbox 263 1609 388 1683; x_wconf 86' lang='lat' dir='ltr'>dentia‚¹</span> <span class='ocrx_word' id='word_1_96' title='bbox 404 1609 436 1670; x_wconf 90' lang='lat' dir='ltr'>et</span> <span class='ocrx_word' id='word_1_97' title='bbox 459 1607 552 1670; x_wconf 89' lang='lat' dir='ltr'>iustis</span> <span class='ocrx_word' id='word_1_98' title='bbox 575 1608 606 1670; x_wconf 91' lang='lat' dir='ltr'>et</span> <span class='ocrx_word' id='word_1_99' title='bbox 629 1605 866 1669; x_wconf 87' lang='lat' dir='ltr'>rationabilibus</span> <span class='ocrx_word' id='word_1_100' title='bbox 888 1606 1000 1680; x_wconf 87' lang='lat' dir='ltr'>causis,</span> <span class='ocrx_word' id='word_1_101' title='bbox 1035 1624 1233 1687; x_wconf 89' lang='lat' dir='ltr'>quacumque</span> 
     </span>
     <span class='ocr_line' id='line_1_15' title="bbox 264 1704 1233 1770; baseline -0.002 0"><span class='ocrx_word' id='word_1_102' title='bbox 264 1709 402 1770; x_wconf 89' lang='lat' dir='ltr'>humana</span> <span class='ocrx_word' id='word_1_103' title='bbox 435 1705 595 1769; x_wconf 87' lang='lat' dir='ltr'>affectione</span> <span class='ocrx_word' id='word_1_104' title='bbox 626 1706 768 1768; x_wconf 90' lang='lat' dir='ltr'>remota:</span> <span class='ocrx_word' id='word_1_105' title='bbox 800 1721 887 1767; x_wconf 88' lang='lat' dir='ltr'>secus</span> <span class='ocrx_word' id='word_1_106' title='bbox 910 1721 1016 1768; x_wconf 89' lang='lat' dir='ltr'>eorum</span> <span class='ocrx_word' id='word_1_107' title='bbox 1041 1704 1233 1768; x_wconf 89' lang='lat' dir='ltr'>conscientia</span> 
     </span>
     <span class='ocr_line' id='line_1_16' title="bbox 264 1800 1235 1890; baseline -0.002 -23"><span class='ocrx_word' id='word_1_108' title='bbox 264 1805 405 1890; x_wconf 89' lang='lat' dir='ltr'>graviter</span> <span class='ocrx_word' id='word_1_109' title='bbox 429 1803 556 1867; x_wconf 91' lang='lat' dir='ltr'>onerata</span> <span class='ocrx_word' id='word_1_110' title='bbox 579 1804 748 1866; x_wconf 89' lang='lat' dir='ltr'>remaneat.</span> <span class='ocrx_word' id='word_1_111' title='bbox 772 1800 870 1865; x_wconf 90' lang='lat' dir='ltr'>Nemo</span> <span class='ocrx_word' id='word_1_112' title='bbox 893 1801 999 1864; x_wconf 89' lang='lat' dir='ltr'>autem</span> <span class='ocrx_word' id='word_1_113' title='bbox 1023 1820 1058 1865; x_wconf 83' lang='lat' dir='ltr'>ex</span> <span class='ocrx_word' id='word_1_114' title='bbox 1075 1820 1170 1866; x_wconf 88' lang='lat' dir='ltr'>causa</span> <span class='ocrx_word' id='word_1_115' title='bbox 1188 1803 1235 1865; x_wconf 94' lang='lat' dir='ltr'>in-</span> 
     </span>
     <span class='ocr_line' id='line_1_17' title="bbox 265 1898 1235 1982; baseline -0.002 -18"><span class='ocrx_word' id='word_1_116' title='bbox 265 1901 425 1964; x_wconf 89' lang='lat' dir='ltr'>firmitatis</span> <span class='ocrx_word' id='word_1_117' title='bbox 449 1900 519 1982; x_wconf 88' lang='lat' dir='ltr'>post</span> <span class='ocrx_word' id='word_1_118' title='bbox 542 1899 760 1981; x_wconf 81' lang='lat' dir='ltr'>professionem</span> <span class='ocrx_word' id='word_1_119' title='bbox 784 1900 929 1962; x_wconf 86' lang='lat' dir='ltr'>votorum</span> <span class='ocrx_word' id='word_1_120' title='bbox 960 1898 1151 1980; x_wconf 90' lang='lat' dir='ltr'>simplicium</span> <span class='ocrx_word' id='word_1_121' title='bbox 1183 1917 1235 1962; x_wconf 90' lang='lat' dir='ltr'>su·</span> 
     </span>
     <span class='ocr_line' id='line_1_18' title="bbox 266 1997 734 2080; baseline -0.006 -19"><span class='ocrx_word' id='word_1_122' title='bbox 266 1999 431 2080; x_wconf 85' lang='lat' dir='ltr'>perventae</span> <span class='ocrx_word' id='word_1_123' title='bbox 455 1997 573 2059; x_wconf 89' lang='lat' dir='ltr'>dimitti</span> <span class='ocrx_word' id='word_1_124' title='bbox 596 1997 734 2078; x_wconf 84' lang='lat' dir='ltr'>poterit</span> 
     </span>
     <span class='ocr_line' id='line_1_19' title="bbox 315 2091 1236 2172; baseline -0.004 -12"><span class='ocrx_word' id='word_1_125' title='bbox 315 2097 390 2160; x_wconf 81' lang='lat'><strong>862.</strong></span> <span class='ocrx_word' id='word_1_126' title='bbox 405 2132 448 2141; x_wconf 94' lang='lat'>—</span> <span class='ocrx_word' id='word_1_127' title='bbox 465 2119 482 2153; x_wconf 74' lang='lat' dir='ltr'>e</span> <span class='ocrx_word' id='word_1_128' title='bbox 499 2095 553 2158; x_wconf 91' lang='lat' dir='ltr'>VI.</span> <span class='ocrx_word' id='word_1_129' title='bbox 570 2093 717 2172; x_wconf 76' lang='lat' dir='ltr'>Profeasi</span> <span class='ocrx_word' id='word_1_130' title='bbox 728 2094 880 2158; x_wconf 81' lang='lat' dir='ltr'>dictorum</span> <span class='ocrx_word' id='word_1_131' title='bbox 892 2096 1030 2156; x_wconf 81' lang='lat' dir='ltr'>uotorum</span> <span class='ocrx_word' id='word_1_132' title='bbox 1043 2091 1236 2172; x_wconf 82' lang='lat' dir='ltr'>simplicium</span> 
     </span>
     <span class='ocr_line' id='line_1_20' title="bbox 260 2190 1235 2276; baseline -0.001 -21"><span class='ocrx_word' id='word_1_133' title='bbox 260 2195 434 2276; x_wconf 75' lang='lat' dir='ltr'>participes</span> <span class='ocrx_word' id='word_1_134' title='bbox 458 2197 551 2256; x_wconf 77' lang='lat' dir='ltr'>errarat</span> <span class='ocrx_word' id='word_1_135' title='bbox 573 2193 711 2255; x_wconf 78' lang='lat' dir='ltr'>cranium</span> <span class='ocrx_word' id='word_1_136' title='bbox 733 2191 911 2272; x_wconf 77' lang='lat' dir='ltr'>pretiorum</span> <span class='ocrx_word' id='word_1_137' title='bbox 935 2192 966 2254; x_wconf 89' lang='lat' dir='ltr'>et</span> <span class='ocrx_word' id='word_1_138' title='bbox 984 2190 1235 2274; x_wconf 86' lang='lat' dir='ltr'>privilegiorum,</span> 
     </span>
     <span class='ocr_line' id='line_1_21' title="bbox 267 2288 1236 2374; baseline -0.004 -18"><span class='ocrx_word' id='word_1_139' title='bbox 267 2292 379 2374; x_wconf 90' lang='lat' dir='ltr'>quibus</span> <span class='ocrx_word' id='word_1_140' title='bbox 391 2291 520 2374; x_wconf 81' lang='lat' dir='ltr'>professi</span> <span class='ocrx_word' id='word_1_141' title='bbox 537 2292 680 2354; x_wconf 87' lang='lat' dir='ltr'>votorum</span> <span class='ocrx_word' id='word_1_142' title='bbox 697 2291 882 2353; x_wconf 92' lang='lat' dir='ltr'>solemnium</span> <span class='ocrx_word' id='word_1_143' title='bbox 895 2289 926 2352; x_wconf 93' lang='lat' dir='ltr'>in</span> <span class='ocrx_word' id='word_1_144' title='bbox 938 2290 1111 2353; x_wconf 88' lang='lat' dir='ltr'>memorato</span> <span class='ocrx_word' id='word_1_145' title='bbox 1118 2288 1236 2352; x_wconf 90' lang='lat' dir='ltr'>Ordine</span> 
     </span>
     <span class='ocr_line' id='line_1_22' title="bbox 266 2386 951 2473; baseline -0.007 -20"><span class='ocrx_word' id='word_1_146' title='bbox 266 2391 406 2473; x_wconf 85' lang='lat' dir='ltr'>legitime</span> <span class='ocrx_word' id='word_1_147' title='bbox 422 2390 565 2464; x_wconf 92' lang='lat' dir='ltr'>utuntur,</span> <span class='ocrx_word' id='word_1_148' title='bbox 584 2389 740 2462; x_wconf 89' lang='lat' dir='ltr'>fruuntur,</span> <span class='ocrx_word' id='word_1_149' title='bbox 757 2387 789 2449; x_wconf 91' lang='lat' dir='ltr'>et</span> <span class='ocrx_word' id='word_1_150' title='bbox 805 2386 951 2468; x_wconf 86' lang='lat' dir='ltr'>gaudent.</span> 
     </span>
     <span class='ocr_line' id='line_1_23' title="bbox 313 2483 1236 2565; baseline -0.004 -14"><span class='ocrx_word' id='word_1_151' title='bbox 313 2489 387 2551; x_wconf 87' lang='grc'>863.</span> <span class='ocrx_word' id='word_1_152' title='bbox 416 2513 433 2546; x_wconf 72' lang='lat' dir='ltr'>c</span> <span class='ocrx_word' id='word_1_153' title='bbox 450 2487 520 2550; x_wconf 91' lang='lat' dir='ltr'>Vll.</span> <span class='ocrx_word' id='word_1_154' title='bbox 538 2486 720 2565; x_wconf 81' lang='lat' dir='ltr'>Superiores</span> <span class='ocrx_word' id='word_1_155' title='bbox 743 2483 913 2565; x_wconf 70' lang='lat' dir='ltr'>reprobaras,</span> <span class='ocrx_word' id='word_1_156' title='bbox 937 2484 981 2547; x_wconf 84' lang='lat' dir='ltr'>ad</span> <span class='ocrx_word' id='word_1_157' title='bbox 1004 2503 1081 2564; x_wconf 80' lang='lat' dir='ltr'>quos</span> <span class='ocrx_word' id='word_1_158' title='bbox 1104 2488 1236 2564; x_wconf 78' lang='lat' dir='ltr'>spectat,</span> 
     </span>
     <span class='ocr_line' id='line_1_24' title="bbox 268 2580 1238 2664; baseline -0.005 -15"><span class='ocrx_word' id='word_1_159' title='bbox 268 2586 429 2649; x_wconf 79' lang='lat' dir='ltr'>concedere</span> <span class='ocrx_word' id='word_1_160' title='bbox 447 2588 598 2664; x_wconf 81' lang='lat' dir='ltr'>peieraret</span> <span class='ocrx_word' id='word_1_161' title='bbox 620 2582 796 2646; x_wconf 79' lang='lat' dir='ltr'>huiusmodi</span> <span class='ocrx_word' id='word_1_162' title='bbox 814 2580 966 2660; x_wconf 80' lang='lat' dir='ltr'>professis</span> <span class='ocrx_word' id='word_1_163' title='bbox 982 2581 1107 2644; x_wconf 84' lang='lat' dir='ltr'>litteras</span> <span class='ocrx_word' id='word_1_164' title='bbox 1123 2581 1238 2645; x_wconf 80' lang='lat' dir='ltr'>dimis-</span> 
     </span>
    </p>
   </div>
   <div class='ocr_carea' id='block_1_4' title="bbox 270 2765 1243 3552">
    <p class='ocr_par' dir='ltr' id='par_1_4' title="bbox 270 2765 1243 3552">
     <span class='ocr_line' id='line_1_25' title="bbox 270 2765 1238 2836; baseline -0.003 -11"><span class='ocrx_word' id='word_1_165' title='bbox 270 2771 395 2825; x_wconf 88' lang='lat' dir='ltr'>animum</span> <span class='ocrx_word' id='word_1_166' title='bbox 410 2769 642 2836; x_wconf 88' lang='lat' dir='ltr'>vocationemque</span> <span class='ocrx_word' id='word_1_167' title='bbox 657 2769 693 2821; x_wconf 87' lang='lat' dir='ltr'>ad</span> <span class='ocrx_word' id='word_1_168' title='bbox 704 2767 793 2821; x_wconf 89' lang='lat' dir='ltr'>vitam</span> <span class='ocrx_word' id='word_1_169' title='bbox 803 2766 974 2836; x_wconf 82' lang='lat' dir='ltr'>religiosam.</span> <span class='ocrx_word' id='word_1_170' title='bbox 986 2765 1140 2832; x_wconf 81' lang='lat' dir='ltr'>Quaeritur</span> <span class='ocrx_word' id='word_1_171' title='bbox 1150 2785 1238 2833; x_wconf 89' lang='lat' dir='ltr'>nunc,</span> 
     </span>
     <span class='ocr_line' id='line_1_26' title="bbox 270 2855 1239 2926; baseline -0.002 -13"><span class='ocrx_word' id='word_1_172' title='bbox 270 2863 365 2914; x_wconf 91' lang='lat' dir='ltr'>utrum</span> <span class='ocrx_word' id='word_1_173' title='bbox 377 2860 447 2914; x_wconf 87' lang='lat' dir='ltr'>hacc</span> <span class='ocrx_word' id='word_1_174' title='bbox 466 2857 554 2926; x_wconf 87' lang='lat' dir='ltr'>ipsius</span> <span class='ocrx_word' id='word_1_175' title='bbox 574 2857 693 2911; x_wconf 87' lang='lat' dir='ltr'>assertio</span> <span class='ocrx_word' id='word_1_176' title='bbox 712 2855 897 2924; x_wconf 87' lang='lat' dir='ltr'>pertinaciter</span> <span class='ocrx_word' id='word_1_177' title='bbox 915 2858 1036 2920; x_wconf 88' lang='lat' dir='ltr'>retenta,</span> <span class='ocrx_word' id='word_1_178' title='bbox 1047 2855 1164 2910; x_wconf 86' lang='lat' dir='ltr'>etiarnsi</span> <span class='ocrx_word' id='word_1_179' title='bbox 1178 2857 1239 2911; x_wconf 88' lang='lat' dir='ltr'>alia</span> 
     </span>
     <span class='ocr_line' id='line_1_27' title="bbox 271 2941 1239 3010; baseline 0 -8"><span class='ocrx_word' id='word_1_180' title='bbox 271 2966 357 3002; x_wconf 88' lang='lat' dir='ltr'>causa</span> <span class='ocrx_word' id='word_1_181' title='bbox 382 2948 553 3002; x_wconf 90' lang='lat' dir='ltr'>dimissionis</span> <span class='ocrx_word' id='word_1_182' title='bbox 580 2965 636 3001; x_wconf 89' lang='lat' dir='ltr'>non</span> <span class='ocrx_word' id='word_1_183' title='bbox 665 2947 852 3009; x_wconf 88' lang='lat' dir='ltr'>subversetur,</span> <span class='ocrx_word' id='word_1_184' title='bbox 881 2945 954 3000; x_wconf 88' lang='lat' dir='ltr'>ratio</span> <span class='ocrx_word' id='word_1_185' title='bbox 977 2941 1128 3010; x_wconf 89' lang='lat' dir='ltr'>sufficiens,</span> <span class='ocrx_word' id='word_1_186' title='bbox 1160 2947 1239 3002; x_wconf 82' lang='lat' dir='ltr'>iusta</span> 
     </span>
     <span class='ocr_line' id='line_1_28' title="bbox 272 3034 1240 3108; baseline -0.001 -15"><span class='ocrx_word' id='word_1_187' title='bbox 272 3056 361 3108; x_wconf 88' lang='lat' dir='ltr'>eaque</span> <span class='ocrx_word' id='word_1_188' title='bbox 381 3036 559 3092; x_wconf 86' lang='lat' dir='ltr'>rationabilis</span> <span class='ocrx_word' id='word_1_189' title='bbox 580 3053 665 3089; x_wconf 85' lang='lat' dir='ltr'>causa</span> <span class='ocrx_word' id='word_1_190' title='bbox 684 3035 792 3089; x_wconf 88' lang='lat' dir='ltr'>censeri</span> <span class='ocrx_word' id='word_1_191' title='bbox 819 3034 909 3103; x_wconf 87' lang='lat' dir='ltr'>possit</span> <span class='ocrx_word' id='word_1_192' title='bbox 937 3052 998 3088; x_wconf 92' lang='lat' dir='ltr'>eum</span> <span class='ocrx_word' id='word_1_193' title='bbox 1026 3034 1056 3087; x_wconf 90' lang='lat' dir='ltr'>in</span> <span class='ocrx_word' id='word_1_194' title='bbox 1085 3035 1180 3100; x_wconf 87' lang='lat' dir='ltr'>finem,</span> <span class='ocrx_word' id='word_1_195' title='bbox 1206 3041 1240 3092; x_wconf 90' lang='lat' dir='ltr'>ut</span> 
     </span>
     <span class='ocr_line' id='line_1_29' title="bbox 274 3124 1240 3198; baseline -0.002 -14"><span class='ocrx_word' id='word_1_196' title='bbox 274 3129 396 3198; x_wconf 86' lang='lat' dir='ltr'>simplici</span> <span class='ocrx_word' id='word_1_197' title='bbox 418 3133 482 3183; x_wconf 88' lang='lat' dir='ltr'>voto</span> <span class='ocrx_word' id='word_1_198' title='bbox 501 3127 653 3182; x_wconf 84' lang='lat' dir='ltr'>obstrictus</span> <span class='ocrx_word' id='word_1_199' title='bbox 673 3143 707 3179; x_wconf 82' lang='lat' dir='ltr'>ex</span> <span class='ocrx_word' id='word_1_200' title='bbox 726 3125 829 3179; x_wconf 90' lang='lat' dir='ltr'>Ordine</span> <span class='ocrx_word' id='word_1_201' title='bbox 848 3124 955 3178; x_wconf 87' lang='lat' dir='ltr'>dimitti</span> <span class='ocrx_word' id='word_1_202' title='bbox 975 3125 1084 3193; x_wconf 73' lang='lat' dir='ltr'>queat?</span> <span class='ocrx_word' id='word_1_203' title='bbox 1103 3151 1139 3162; x_wconf 94' lang='lat'>—</span> <span class='ocrx_word' id='word_1_204' title='bbox 1159 3127 1186 3180; x_wconf 86' lang='lat' dir='ltr'>S.</span> <span class='ocrx_word' id='word_1_205' title='bbox 1209 3125 1240 3182; x_wconf 86' lang='lat' dir='ltr'>C.</span> 
     </span>
     <span class='ocr_line' id='line_1_30' title="bbox 275 3211 1242 3288; baseline 0 -16"><span class='ocrx_word' id='word_1_206' title='bbox 275 3219 368 3288; x_wconf 81' lang='lat' dir='ltr'>Episc.</span> <span class='ocrx_word' id='word_1_207' title='bbox 388 3221 416 3272; x_wconf 87' lang='lat' dir='ltr'>et</span> <span class='ocrx_word' id='word_1_208' title='bbox 433 3217 531 3286; x_wconf 86' lang='lat' dir='ltr'>Regul.</span> <span class='ocrx_word' id='word_1_209' title='bbox 552 3216 596 3269; x_wconf 88' lang='lat' dir='ltr'>die</span> <span class='ocrx_word' id='word_1_210' title='bbox 618 3217 650 3268; x_wconf 86' lang='grc'>19</span> <span class='ocrx_word' id='word_1_211' title='bbox 669 3213 805 3268; x_wconf 88' lang='lat' dir='ltr'>Novemb.</span> <span class='ocrx_word' id='word_1_212' title='bbox 828 3211 896 3267; x_wconf 89' lang='lat'>1886</span> <span class='ocrx_word' id='word_1_213' title='bbox 917 3213 1061 3281; x_wconf 86' lang='lat' dir='ltr'>respondit</span> <span class='ocrx_word' id='word_1_214' title='bbox 1073 3227 1080 3263; x_wconf 74' lang='grc' dir='ltr'><strong>ε</strong></span> <span class='ocrx_word' id='word_1_215' title='bbox 1092 3214 1242 3284; x_wconf 80' lang='lat' dir='ltr'>Neqative,</span> 
     </span>
     <span class='ocr_line' id='line_1_31' title="bbox 275 3303 1243 3376; baseline -0.001 -13"><span class='ocrx_word' id='word_1_216' title='bbox 275 3326 338 3363; x_wconf 88' lang='lat' dir='ltr'>cum</span> <span class='ocrx_word' id='word_1_217' title='bbox 359 3313 426 3362; x_wconf 87' lang='lat' dir='ltr'>vcta</span> <span class='ocrx_word' id='word_1_218' title='bbox 445 3307 594 3376; x_wconf 87' lang='lat' dir='ltr'>simplicia,</span> <span class='ocrx_word' id='word_1_219' title='bbox 615 3306 649 3358; x_wconf 89' lang='lat' dir='ltr'>de</span> <span class='ocrx_word' id='word_1_220' title='bbox 669 3304 770 3372; x_wconf 91' lang='lat' dir='ltr'>quibus</span> <span class='ocrx_word' id='word_1_221' title='bbox 784 3303 887 3373; x_wconf 85' lang='lat' dir='ltr'>agitur,</span> <span class='ocrx_word' id='word_1_222' title='bbox 898 3320 932 3357; x_wconf 82' lang='lat' dir='ltr'>ex</span> <span class='ocrx_word' id='word_1_223' title='bbox 942 3308 1023 3372; x_wconf 85' lang='lat' dir='ltr'>parte</span> <span class='ocrx_word' id='word_1_224' title='bbox 1035 3305 1167 3359; x_wconf 86' lang='lat' dir='ltr'>voventis</span> <span class='ocrx_word' id='word_1_225' title='bbox 1182 3305 1243 3362; x_wconf 87' lang='lat' dir='ltr'>sint</span> 
     </span>
     <span class='ocr_line' id='line_1_32' title="bbox 276 3393 1242 3466; baseline -0.002 -14"><span class='ocrx_word' id='word_1_226' title='bbox 276 3402 421 3466; x_wconf 87' lang='lat' dir='ltr'>perpetua,</span> <span class='ocrx_word' id='word_1_227' title='bbox 442 3412 593 3463; x_wconf 87' lang='lat' dir='ltr'>eorumque</span> <span class='ocrx_word' id='word_1_228' title='bbox 613 3393 786 3462; x_wconf 89' lang='lat' dir='ltr'>dispensatio</span> <span class='ocrx_word' id='word_1_229' title='bbox 807 3393 844 3447; x_wconf 89' lang='lat' dir='ltr'>sit</span> <span class='ocrx_word' id='word_1_230' title='bbox 863 3396 1008 3446; x_wconf 87' lang='lat' dir='ltr'>reservata</span> <span class='ocrx_word' id='word_1_231' title='bbox 1031 3393 1146 3448; x_wconf 88' lang='lat' dir='ltr'>Summo</span> <span class='ocrx_word' id='word_1_232' title='bbox 1166 3393 1242 3450; x_wconf 88' lang='lat' dir='ltr'>Pon-</span> 
     </span>
     <span class='ocr_line' id='line_1_33' title="bbox 276 3482 821 3552; baseline -0.011 -11"><span class='ocrx_word' id='word_1_233' title='bbox 276 3486 347 3541; x_wconf 86' lang='lat' dir='ltr'>tifici</span> <span class='ocrx_word' id='word_1_234' title='bbox 366 3485 462 3552; x_wconf 74' lang='lat' dir='ltr'>(Anat.</span> <span class='ocrx_word' id='word_1_235' title='bbox 484 3485 514 3540; x_wconf 90' lang='grc' dir='ltr'>Ο.</span> <span class='ocrx_word' id='word_1_236' title='bbox 537 3485 578 3539; x_wconf 88' lang='grc' dir='ltr'>Μ.</span> <span class='ocrx_word' id='word_1_237' title='bbox 601 3483 640 3548; x_wconf 80' lang='lat'>0,</span> <span class='ocrx_word' id='word_1_238' title='bbox 659 3482 692 3536; x_wconf 91' lang='lat' dir='ltr'>V.</span> <span class='ocrx_word' id='word_1_239' title='bbox 715 3483 784 3546; x_wconf 81' lang='lat'>129).</span> <span class='ocrx_word' id='word_1_240' title='bbox 817 3497 821 3502; x_wconf 85' lang='lat'><em>·</em></span> 
     </span>
    </p>
   </div>
   <div class='ocr_carea' id='block_1_5' title="bbox 322 3571 857 3644">
    <p class='ocr_par' dir='ltr' id='par_1_5' title="bbox 322 3571 857 3644">
     <span class='ocr_line' id='line_1_34' title="bbox 322 3571 857 3644; baseline -0.006 -15"><span class='ocrx_word' id='word_1_241' title='bbox 322 3575 330 3610; x_wconf 86' lang='lat'>¹</span> <span class='ocrx_word' id='word_1_242' title='bbox 351 3577 369 3630; x_wconf 91' lang='lat' dir='ltr'>i.</span> <span class='ocrx_word' id='word_1_243' title='bbox 389 3593 412 3630; x_wconf 87' lang='lat' dir='ltr'>e.</span> <span class='ocrx_word' id='word_1_244' title='bbox 431 3576 470 3631; x_wconf 83' lang='lat' dir='ltr'>ad</span> <span class='ocrx_word' id='word_1_245' title='bbox 489 3575 664 3644; x_wconf 79' lang='lat' dir='ltr'>Superiorem</span> <span class='ocrx_word' id='word_1_246' title='bbox 685 3571 857 3628; x_wconf 73' lang='lat' dir='ltr'>Generatim.</span> 
     </span>
    </p>
   </div>
   <div class='ocr_carea' id='block_1_6' title="bbox 0 0 1410 4270">
    <p class='ocr_par' dir='ltr' id='par_1_6' title="bbox 0 0 1410 4270">
     <span class='ocr_line' id='line_1_35' title="bbox 0 0 1410 4270; baseline 0 0"><span class='ocrx_word' id='word_1_247' title='bbox 0 0 1410 4270; x_wconf 95' lang='lat' dir='ltr'> </span> 
     </span>
    </p>
   </div>
  </div>
 </body>
</html>
