2758 4270
277 249 330 304 354
580 253 753 302 TRAO'PA'I'US
774 255 813 301 DE
838 255 937 302 REBUS
1017 282 1020 288 ‚

277 449 418 524 Maximi,
443 449 570 514 mirifice
585 453 807 533 promoventur
822 451 1018 516 saluberrimi
1034 453 1156 516 tructas
1173 472 1248 536 apo·

277 549 413 614 stolatus
436 551 504 612 tum
529 549 609 612 inter
633 548 737 614 fideles
760 551 828 614 turn
852 550 934 614 inter
956 549 1107 623 infideles,
1124 553 1157 614 et
1172 571 1246 615 con·

277 646 451 711 funduntur
466 647 623 728 proposita
636 648 846 722 sectariorum,
861 647 914 728 qui
930 647 1125 712 salutiferam
1150 649 1247 714 actio·

279 763 348 806 nem
371 745 402 806 et
426 743 585 819 infirmum,
609 745 657 807 nti
681 743 798 820 dicunt,
823 743 965 826 Suprsmi
980 743 1189 809 Pontificatns
1204 745 1246 809 ad

278 841 411 904 nihilum
435 841 578 906 reducere
602 841 727 916 vellent,
751 841 943 932 antsaltem
966 841 1156 906 inefficacem
1179 843 1247 907 red-

277 939 358 1002 dere.
381 975 426 984 --
449 937 644 1020 Quapropter
666 939 828 1002 hortamur
855 957 970 1014 ornnes,
996 939 1048 1020 qni
1072 939 1245 1004 Ecclesiam

274 1035 465 1100 catholicam
488 1038 620 1103 matrem
653 1037 685 1100 et
716 1037 892 1100 Romanurn
916 1035 1097 1100 Pontificem
1121 1039 1246 1118 patrem

275 1135 390 1198 habere
413 1134 598 1217 gloriantur,
615 1136 660 1210 nt,
678 1134 704 1197 si
720 1135 850 1216 possint,
868 1135 980 1200 saltem
992 1135 1086 1198 semel
1102 1135 1134 1198 in
1150 1153 1244 1212 anno,

277 1233 402 1314 aliquod
426 1233 598 1298 subsidium
631 1233 809 1314 respectivis
839 1232 982 1313 parochis
1005 1231 1054 1295 vel
1084 1233 1245 1314 Episccpis

277 1331 410 1395 offerant
432 1349 486 1411 pro
510 1331 643 1394 Denario
668 1328 773 1394 Sancti
797 1329 893 1392 Petri.
922 1327 990 1408 Qua
1013 1329 1045 1392 in
1069 1348 1112 1406 re,
1136 1347 1245 1394 omnes

276 1429 453 1494 animarum
477 1431 615 1510 pastores
638 1429 670 1491 et
685 1427 740 1492 alii
755 1428 813 1492 Dei
829 1427 965 1492 ministri
989 1427 1081 1492 verbo
1097 1429 1133 1496 et
1144 1445 1246 1492 erem-

209 1543 212 1549 ’
278 1527 330 1608 plo
354 1527 484 1592 caeteris
511 1526 654 1592 fidelibus
681 1525 876 1610 praecedant.
901 1527 942 1590 lit
964 1545 1047 1602 sane,
1072 1525 1153 1596 deut
1185 1525 1245 1590 tilii

278 1625 363 1705 patri
387 1623 522 1688 naturali
547 1623 783 1689 subministrare
815 1623 926 1686 debent
949 1623 1110 1697 alimenta,
1133 1625 1172 1686 nt
1194 1623 1246 1688 lex

274 1725 409 1786 naturae
433 1722 530 1797 docet,
554 1723 651 1802 utque
678 1722 746 1785 iura
770 1721 874 1786 omnia
897 1721 1050 1796 sanciunt,
1075 1720 1122 1784 ita
1145 1721 1244 1787 etiam

275 1821 398 1901 patrem
423 1821 455 1883 et
478 1822 610 1884 matrem
634 1820 828 1902 spiritualem
852 1818 909 1882 filii
932 1819 1111 1900 spirituales
1134 1819 1246 1884 iuvare

278 1919 433 1990 tenentur,
448 1918 551 1999 eisque
569 1917 705 1982 subsidia
721 1937 782 1982 non
798 1935 919 2000 negare.
932 1953 977 1964 —-
989 1915 1127 2000 Singulis
1142 1917 1244 1994 annis,

277 2016 422 2096 tempore.
438 2017 469 2079 et
493 2015 584 2080 modo
601 2015 761 2098 Episcopis
776 2015 851 2080 bene
867 2015 944 2092 riso,
960 2013 1018 2078 liat
1039 2014 1171 2078 collecta
1187 2034 1244 2096 pro

278 2113 411 2178 Denario
436 2113 540 2178 Sancti
564 2114 648 2178 Petri
672 2116 704 2177 et
719 2132 897 2178 communes
912 2112 1051 2176 fidelium
1066 2105 1245 2177 'oblationes
1301 2194 1303 2200 Ι

278 2214 348 2275 tuto
361 2213 392 2274 et
408 2211 521 2276 directe
539 2211 578 2275 ad
594 2213 771 2276 Romanum
788 2211 978 2306 Pontificem,
991 2230 1044 2293 per
1055 2213 1247 2294 respectivos

275 2307 456 2374 Ordinarios
480 2311 737 2374 transmittantur
753 2331 782 2371 a.

272 2534 374 2599 etesia,
396 2535 613 2602 possessionatis
645 2534 829 2591 habitualitar
859 2529 1111 2601 delinquentibus'
1127 2516 1153 2586 is
1166 2550 1190 2587 e.
1210 2551 1246 2588 ex

191 2687 192 2692 Ἰ
278 2625 387 2690 habitu,
407 2642 463 2678 non
483 2625 572 2680 solum
592 2628 666 2689 iactu,
695 2623 933 2691 delinquentibus.
952 2647 988 2658 -
1007 2623 1050 2676 32.
1070 2621 1172 2676 Ditare
1191 2621 1246 2676 cle·

278 2731 339 2768 rum
359 2719 403 2768 est
421 2722 520 2770 eontra
539 2715 666 2781 regulam
686 2713 799 2768 Christi.
818 2740 852 2750 -·
873 2714 915 2768 33.
943 2711 1088 2781 Sylvastcr
1117 2712 1197 2780 Papa
1215 2716 1246 2766 et

277 2803 480 2858 Constantinus
512 2806 666 2872 imperator
694 2807 831 2866 errarunt,
860 2801 1016 2856 Ecclesiam
1044 2801 1181 2858 dotando·
1209 2829 1246 2837 -

277 2894 331 2949 36„
343 2893 421 2961 Papa
439 2911 501 2950 cum
521 2894 650 2948 omnibus
670 2893 779 2948 clericis
803 2893 860 2946 sais
880 2890 1083 2960 possessionem
1104 2891 1245 2946 habentes

279 2987 345 3036 sunt
364 2983 508 3046 haeretic,
529 2999 560 3036 eo
580 2982 655 3050 quod
673 2981 863 3050 possessiones
883 2980 997 3044 habent„
1017 2983 1046 3034 st
1064 2979 1248 3034 consentien-

277 3076 322 3128 tes
342 3073 392 3137 eis,
412 3089 508 3128 omnes
528 3071 661 3126 videlicet
690 3070 796 3126 donnini
819 3069 976 3124 saeculares
995 3073 1025 3122 et
1043 3068 1150 3122 caeteri
1169 3068 1246 3122 laici.

277 3190 313 3202 -·
333 3164 376 3218 39.
398 3165 553 3229 imperator
571 3167 601 3216 et
619 3161 726 3216 domini
745 3161 904 3216 saeculares
927 3163 993 3214 sunt
1021 3158 1130 3214 seducti
1151 3176 1168 3212 a
1188 3159 1248 3214 dia·

279 3254 352 3315 bolo,
373 3258 404 3306 ut
423 3252 580 3308 Ecclesiam
599 3251 725 3306 ditarent
743 3250 825 3304 bonis
844 3248 1056 3318 temporalibus.
1078 3275 1114 3296 -s
1130 3249 1176 3301 44.
1191 3247 1249 3302 Arr-

277 3343 420 3412 gnstinna
440 3341 612 3396 Benedictus
629 3344 659 3394 et
683 3339 843 3394 Bernardns
862 3337 991 3392 damnati
1012 3339 1086 3400 sunt,
1106 3336 1163 3390 nisi
1183 3353 1248 3404 poa·

280 3421 420 3483 nituerint
431 3429 466 3484 de
480 3429 540 3492 hoc,
555 3427 627 3496 qnod
641 3427 801 3480 habuerunt
811 3424 1009 3494 possessiones,
1020 3427 1049 3476 et
1058 3422 1249 3477 instituerunt

278 3524 309 3574 et
328 3520 508 3574 intraverunt
525 3516 692 3586 religiones:
712 3515 800 3570 etsie
821 3531 838 3568 a
857 3513 935 3581 Papa
952 3528 1042 3580 nsque
1061 3511 1098 3564 ad
1112 3511 1250 3566 ultimum

278 3608 442 3676 religiosum
462 3625 558 3662 omnes
578 3610 644 3662 sunt
671 3604 807 3660 haeretici
830 3644 840 3669 ,,
876 3629 909 3640 -
939 3601 1032 3670 (Prop.
1061 3601 1100 3656 lo.
1128 3600 1253 3656 Wikleff

277 3681 432 3752 damnatas
451 3697 481 3750 in
501 3695 530 3751 G.
550 3694 720 3760 Constant).
