2758 4270
280 265 346 313 CAP·
370 265 397 310 V.
423 264 463 310 DE
487 261 643 310 MONACHIS
665 262 703 308 ΕΤ
727 260 941 308 REGULARIBUS
1046 259 1095 313 321

122 461 333 544 exemptionis
356 461 520 545 privilegio
552 460 699 544 gaudent,
723 459 892 542 indulgere,
919 459 952 522 in
975 459 1099 524 casibus

121 559 380 642 particularibus,
404 559 441 622 ut
464 557 612 640 professio
644 559 789 622 votorum
824 555 1008 620 solemnium
1036 555 1098 620 dir·

121 658 257 733 feratur,
283 675 343 722 non
374 657 479 726 tamen
510 656 594 720 ultra
626 657 763 720 aetatem
799 671 949 718 annorum
986 654 1098 737 viginti

123 757 265 838 quinque
288 754 496 836 eupletorum.¹

170 853 250 916 934.
275 888 318 898 -
342 851 379 914 V.
405 851 486 915 Vota
511 851 683 934 simplicia,
708 850 755 914 uti
779 849 961 932 praefertur,
985 851 1098 915 emissa

122 952 278 1034 perpetua
301 951 375 1013 sunt
397 968 432 1012 er
455 951 543 1032 parte
568 949 728 1022 voventis;
752 950 785 1012 et
800 947 990 1030 dispensatio
1000 963 1099 1031 ‘super

123 1048 240 1113 iisdem
254 1047 403 1112 ¹Romano
427 1041 572 1111 Pontifici
598 1047 785 1110 reservatur.

174 1145 252 1209 935.
277 1180 320 1190 -
344 1143 398 1207 Vl.
422 1143 582 1208 Professus
609 1143 787 1210 istiusmodi
810 1145 956 1206 votorum
979 1143 1099 1226 simpli·

124 1245 213 1311 cium
238 1243 383 1306 iniuntur
406 1243 437 1306 et
460 1243 598 1326 gaudent
627 1241 737 1306 iisdem
772 1241 983 1326 indulgentiis,
1007 1243 1098 1324 privi-

123 1341 221 1425 legiis
237 1342 269 1404 et
284 1339 442 1403 favoribus
466 1340 691 1421 spiritualibus,
705 1339 817 1420 quibus
839 1339 979 1423 legitime
994 1340 1097 1404 fruun-

124 1441 183 1504 tur
206 1440 239 1502 et
261 1438 399 1522 gaudent
422 1438 575 1520 professae
603 1439 749 1502 votorum
773 1436 957 1500 solemnium
981 1437 1097 1520 proprii

124 1538 280 1618 cuiusque
302 1535 497 1608 monasterii3
522 1537 554 1600 et
570 1536 722 1617 qnatenus
737 1537 837 1600 morte
860 1535 1097 1617 praeveniantur

124 1635 167 1700 ad
193 1634 300 1698 eadem
324 1633 492 1715 respective
516 1633 663 1717 suffragia
687 1633 737 1698 ius
760 1633 884 1697 habent.

174 1733 251 1796 936.
276 1767 318 1779 -
352 1731 423 1794 Vll.
447 1729 581 1795 Eaedem
614 1731 759 1796 tenentur
789 1731 829 1795 ad
865 1731 1096 1796 observantiam

123 1830 308 1914 regularum
331 1829 642 1908 etconstitutionnm
667 1848 736 1893 non.
750 1847 838 1893 secus
857 1847 893 1892 ac
916 1829 1096 1894 solemniter

124 1928 303 2012 professne3
327 1927 463 2008 itemque
486 1928 630 1990 tenentur
646 1927 740 1991 choro
757 1927 919 1991 interesse:
944 1929 1097 2008 quatenus

124 2043 201 2090 vero
225 2023 365 2107 legitime
396 2023 605 2106 impediantur
629 2025 793 2106 quominus
823 2024 915 2088 choro
940 2025 1094 2102 intersint,

15 2123 17 2126 ’
123 2121 166 2187 ad
192 2121 348 2204 privatam
371 2119 466 2184 officii
482 2121 578 2184 divini
597 2121 810 2185 recitationem
827 2140 888 2186 non
904 2121 1094 2204 obligantur.

173 2219 249 2283 937.
274 2255 317 2264 —
341 2218 427 2282 Vlll.
452 2217 906 2300 Tempusaoonstitutionibus
929 2218 1095 2282 cuiuslibet

122 2317 251 2383 Ordinis
267 2336 320 2381 seu
336 2317 480 2381 Instituti
503 2317 727 2400 praescriptum
740 2317 780 2381 ad
796 2337 895 2380 vocem
917 2317 1051 2380 activam
1064 2319 1097 2381 et

118 2419 284 2498 passivam
307 2415 530 2498 assequendam
553 2435 572 2480 a
596 2415 644 2479 dio
664 2416 835 2480 emissionis
861 2417 1006 2480 votorum
1023 2416 1096 2480 sim·

124 2516 254 2598 plicium
277 2515 496 2595 computatur:
527 2515 739 2577 verumtamen
765 2512 918 2595 professae
951 2515 1095 2578 votorum

124 2613 312 2695 simplicium
330 2631 488 2698 nunquam
512 2611 705 2696 suffragium,
721 2611 783 2676 imo
799 2630 836 2674 ne
851 2611 953 2675 locum
970 2611 1094 2692 quidem

124 2711 285 2776 habebunt
307 2710 338 2773 in
362 2708 508 2791 capitulis
531 2710 563 2772 in
580 2709 691 2790 quibus
704 2712 735 2772 et
759 2710 912 2790 quatenus
936 2709 1042 2792 agitur
1058 2709 1096 2772 de

124 2806 328 2872 admittendis
344 2805 384 2870 ad
408 2806 627 2888 professionem
651 2806 836 2881 solemnem;
860 2825 974 2888 eaeque
998 2805 1092 2888 depu-

124 2906 186 2969 tari
211 2905 335 2986 quidem
358 2905 503 2986 poterunt
526 2903 565 2967 ad
589 2903 709 2967 minora
733 2904 870 2968 coenobii
894 2903 1015 2980 officia3
1041 2903 1094 2968 sed

41 3041 43 3053 ι
124 3001 164 3066 ad
186 3001 296 3066 munia
319 3001 556 3084 Superiorissae,
582 2999 734 3078 Vieariae,
759 3001 931 3085 Magistrae
963 3002 1094 3067 novitia·

124 3119 205 3176 rum,
225 3099 409 3163 desistentis
441 3117 495 3162 seu
519 3095 728 3174 Conciliariae,
753 3100 785 3162 et
807 3099 997 3164 Oeconomae
1020 3100 1094 3183 eligi

126 3197 291 3278 nequeunt.
424 3190 431 3213 ¹

169 3295 245 3358 938.
276 3299 321 3340 -ὲ
343 3293 398 3358 ΙΧ.
430 3293 569 3358 Potiores
593 3293 669 3369 iure,
702 3295 812 3376 utpote
844 3295 988 3369 seniores,
1023 3313 1092 3358 cen-

124 3395 231 3457 sentur
255 3411 332 3473 quae
355 3392 440 3474 prius
464 3392 535 3456 vota
567 3391 720 3473 simplicia
751 3393 1015 3474 nuncupaverint;
1046 3393 1093 3458 ita

123 3491 228 3554 tamen
244 3492 280 3552 ut
304 3507 524 3570 quaecumque,
540 3488 628 3552 iuxta
652 3488 792 3570 superius
815 3489 909 3566 diota,
931 3489 1091 3571 professio-

124 3605 191 3658 nem
215 3587 384 3651 solemnem
408 3585 491 3649 ultra
515 3586 682 3650 triennium
707 3585 897 3663 distulerint,
922 3587 989 3651 looo
1013 3587 1090 3652 inte·

123 3685 181 3748 rim
197 3684 308 3748 cedant
323 3685 420 3748 etiem
439 3684 613 3748 iunioribus
636 3683 817 3748 solemniter
842 3685 997 3766 professis,
1014 3704 1093 3750 reee-

176 3831 400 3875 21-1uro0en.
429 3833 462 3902 t'
