2750 4270
300 280 355 333 Μ)
581 284 755 332 rnernrts
777 287 817 332 be
840 286 987 332 PERSONIS

301 483 558 558 determinantur,
581 486 716 566 exceptis
738 485 802 548 illis
824 486 1013 568 regionibus.
1037 488 1068 548 in
1084 486 1193 567 quibus
1209 484 1253 546 vi-

301 582 376 646 oerii
399 601 522 664 quoque
545 580 742 664 Capitnlnres
770 601 942 666 congruum
966 583 1006 646 ub
1028 585 1148 647 nennio
1177 581 1252 645 cirili

300 679 487 762 stipendium
500 681 655 762 recipiunt
669 705 688 738 ›
703 682 765 760 (De
778 681 919 764 Angelis,
935 682 957 744 l.
973 683 1002 744 l.
1019 682 1071 744 tit.
1085 682 1137 749 28.
1149 701 1179 744 n.
1192 681 1252 760 22).

622 892 771 952 REQL‘lffi
789 893 940 945 ANIMAE.

343 1039 476 1102 linurin
499 1055 618 1102 ooomn.
642 1038 762 1120 Regina
785 1039 893 1101 nostre
908 1041 956 1100 est
987 1061 1005 1096 ‹
1019 1037 1136 1100 Lilinm
1150 1038 1253 1100 imma·

297 1138 449 1209 caletum,
473 1137 555 1218 quod
586 1155 691 1201 rosum
722 1136 1009 1200 immsroescibilem
1038 1138 1147 1218 gennit
1176 1133 1254 1197 Chri·

297 1239 382 1302 stum
399 1235 444 1317 (S.
470 1236 606 1318 Epiph.).
635 1260 654 1294 ‹
668 1235 786 1299 Lilium
810 1236 1022 1317 incorruptum
1040 1235 1251 1298 suavissimum

298 1335 422 1399 odorem
444 1335 590 1398 emittens
605 1358 623 1392 ›
651 1333 695 1414 (S.
720 1331 904 1416 Chryeost).

342 1431 475 1495 Mummi
498 1449 621 1496 mrocn.
643 1431 712 1495 Asu
738 1431 835 1514 Virgo
862 1430 1034 1497 benedicta.
1058 1433 1091 1494 et
1121 1429 1251 1512 superbe

298 1529 429 1603 nediete,
454 1549 508 1611 per
534 1531 623 1593 cuius
657 1529 900 1592 benedictionem
936 1528 1127 1592 benedicitur
1160 1526 1252 1592 omnis

298 1629 421 1702 nutura,
445 1646 505 1691 non
529 1627 632 1692 solum
655 1629 760 1690 create
783 1647 803 1692 a
826 1626 982 1700 creatore,
1006 1626 1060 1690 sed
1083 1628 1115 1690 et
1134 1625 1252 1690 Creator

297 1726 482 1790 acreeture
506 1724 550 1806 (S.
574 1723 740 1809 dunelm).

342 1824 475 1888 Mnsnu
500 1840 669 1888 ninumrcn.
693 1823 837 1888 Puritate
872 1824 997 1898 mentis,
1020 1823 1162 1887 custodia
1185 1821 1249 1892 oris,

297 1921 443 1986 castitate
465 1922 602 2002 eorporis
625 1923 657 1985 et
680 1921 881 2003 simplicitate
896 1921 1006 1985 cordis.
1023 1958 1065 1965 ——
1090 1920 1171 1984 Filii
1184 1917 1250 1982 Mo

296 2019 363 2082 roae
386 2018 559 2082 imitatores
582 2020 681 2082 eins...

503 2481 591 2546 CAP.
616 2481 670 2545 IV.
695 2519 738 2528 -
762 2483 817 2546 DE
841 2482 1055 2547 PAROCHIS.

725 2663 824 2674 ἡ

339 2823 414 2886 758.
438 2857 482 2871 „-
500 2825 763 2890 Preenolendnm.
779 2863 823 2872 -
839 2825 1008 2890 Pnnoonus
1023 2844 1079 2890 ner
1095 2824 1245 2894 sicana
1341 2865 1342 2876 ,

292 2919 340 2984 ael
361 2918 492 2984 clericas
515 2924 602 2984 intra
625 2943 746 2985 ennam
769 2921 949 2986 sacerdotio
971 2923 1156 2998 indicendae,
1179 2918 1246 3000 tepi-
1341 2913 1342 2926 ¹

294 3017 365 3080 tiene
388 3018 427 3080 ab
450 3018 614 3098 Episcopo,
631 3019 681 3082 oet
701 3041 722 3082 a
740 3018 842 3100 Papa,
859 3021 889 3083 si
908 3018 1069 3084 Paroehi'a
1092 3023 1135 3083 sit
1154 3036 1244 3083 reser-

293 3120 374 3188 vata,
398 3115 563 3196 deputatas
585 3117 630 3179 ad
658 3118 826 3198 rependam
849 3119 1088 3181 determinatam
1110 3114 1244 3182 dioecesis

289 3213 473 3292 portionem,
498 3233 567 3277 nni
590 3215 756 3278 ordinaria
772 3219 926 3294 potestate
949 3219 1147 3279 sacramenta
1172 3213 1242 3278 otia

291 3330 348 3390 qne
371 3311 554 3392 spiritantia
578 3312 659 3376 bona
674 3315 709 3376 in
725 3314 795 3393 n'psa
811 3313 1026 3377 ministrandi.
1052 3352 1097 3361 —
1114 3315 1241 3378 Dicitur:

294 3405 451 3488 Proprias
473 3409 569 3474 relate
593 3410 633 3474 ed
657 3429 761 3476 omnes
778 3411 835 3476 eibi
860 3411 1038 3476 commissos
1062 3411 1175 3488 fideles
1207 3405 1243 3472 di·

292 3504 373 3570 citur
397 3503 559 3572 Ptebanas
582 3527 600 3572 e
623 3509 721 3590 plebe,
738 3510 788 3574 eui
804 3509 946 3584 adsistit3
964 3509 1130 3576 Rectorsb
1154 3505 1242 3574 officio
1339 3555 1340 3592 z

292 3602 415 3686 regendi
438 3603 469 3666 in
493 3602 609 3670 Christi
632 3607 754 3671 nomine
785 3609 817 3671 et
840 3607 996 3690 mysteriis
1020 3609 1186 3690 populum;
1216 3602 1242 3667 et
1339 3601 1340 3662 t

296 3697 433 3764 Ceratas
463 3720 481 3764 e
513 3721 587 3766 cure
618 3704 803 3782 animarum,
837 3725 930 3788 qnam
962 3709 1090 3772 exercet.
1124 3707 1241 3772 Caetera
