2750 4270
296 262 351 315 244
583 263 757 312 salmurus
780 265 819 312 DE
842 263 989 311 PERSONIS

295 460 343 526 dis
371 461 557 544 insignibus,
577 462 627 526 vel
650 462 704 525 ubi
734 460 877 543 Episcopi
901 479 1021 524 neccsse
1045 458 1267 536 iudicaverint,

294 559 335 623 ad
359 559 407 624 sui
430 558 656 640 beneplacitum
680 559 741 640 ipsi
755 558 950 622 constituant
967 581 1006 632 »ς
1025 559 1077 638 qui
1095 559 1159 622 sint
1178 582 1196 616 «
1214 559 1268 624 do

295 656 404 730 ctrina,
429 656 545 736 pietate
567 657 599 718 ct
622 655 787 738 prudentia
810 655 954 737 praediti,
979 655 1031 735 qui
1051 674 1106 737 pro
1130 657 1196 719 Deo
1235 657 1266 720 et

294 755 419 837 propter
443 754 543 816 Deum
567 754 771 840 Evangelium
787 773 848 818 non
864 753 1056 828 erubescant,
1074 754 1128 818 sed
1144 753 1182 817 de
1198 752 1268 818 Cle·

293 853 428 918 ricorum
451 854 483 916 et
506 851 671 917 Laicorum
695 852 761 916 vita
785 871 821 916 ac
855 851 1004 926 moribus,
1041 855 1073 914 et
1108 853 1265 933 quomodo

264 960 266 968 '
293 949 419 1031 parochi
442 949 556 1030 aliique
580 949 756 1012 animarum
780 950 914 1013 rectores
937 949 968 1012 in
993 949 1143 1030 pastorali
1161 949 1265 1016 officio

293 1065 324 1111 se
348 1047 468 1130 gerant,
494 1046 659 1130 diligenter
682 1047 852 1128 inquirant,
884 1047 915 1110 et
946 1047 977 1110 in
1012 1047 1142 1110 laternis
1178 1066 1263 1111 sern-

293 1146 416 1218 tentur;
440 1145 480 1207 ad
503 1145 669 1236 Episcopos
692 1145 826 1209 fideliter
848 1144 994 1220 delaturi,
1007 1164 1081 1207 nnm
1106 1143 1216 1208 Clarus
1233 1147 1266 1208 et

293 1243 435 1324 populus,
460 1244 496 1306 ut
520 1243 615 1318 decet,
640 1243 758 1318 vivant,
794 1262 868 1306 num
893 1243 1035 1325 proprius
1064 1243 1095 1305 in
1126 1243 1264 1308 ecclesiis

293 1341 396 1404 cultus
420 1340 615 1416 adhibeatur,
639 1360 712 1404 num
741 1341 887 1424 supellex,
915 1359 1002 1404 sacra
1019 1341 1194 1422 praecipue,
1211 1341 1264 1405 de·

293 1440 359 1504 bito
383 1439 483 1504 nitore
507 1441 715 1515 conservetur,
739 1441 771 1504 et
793 1439 1012 1504 visitationum
1036 1438 1160 1502 decreta
1188 1459 1261 1503 suae

294 1537 356 1602 sint
379 1537 551 1601 executioni
576 1537 723 1600 mandata
739 1561 770 1599 ».
795 1536 874 1616 Quia
899 1555 971 1600 vcro
996 1536 1114 1600 Vicarii
1129 1537 1260 1602 Foranei
1357 1595 1359 1612 ,

293 1635 443 1699 Tribunal
466 1635 582 1699 habent
604 1635 643 1698 ab
667 1635 816 1718 Episcopo
829 1635 998 1699 discretum
1014 1636 1046 1698 et
1070 1637 1261 1716 separatum,

293 1733 405 1797 idcirco
428 1731 468 1794 ab
492 1752 597 1795 corum
620 1733 784 1796 sententiis
806 1733 973 1812 adipsum
996 1731 1189 1812 Episcopum
1211 1753 1260 1814 op-

291 1829 429 1909 pellatur
461 1829 602 1913 (Soglia).
630 1869 667 1876 —
695 1831 730 1894 ln
762 1829 867 1895 Gallia
900 1831 1020 1894 Vicore'a'
1041 1829 1186 1893 Foraacc'
1216 1851 1261 1894 oo

294 1931 406 1990 ocatur
428 1927 521 1989 etiam
544 1927 677 1992 Decaac‘.
702 1928 737 1992 In
761 1927 913 2010 Hispania
929 1927 1217 2008 Arctiprrcsbyteri.

340 2025 414 2088 706.
443 2061 482 2072 --
508 2027 577 2091 lura
603 2027 717 2092 vicarii
754 2026 897 2091 foranei.
921 2063 965 2070 —
989 2025 1014 2087 l.
1039 2024 1098 2088 Pro
1133 2026 1261 2089 arbitrio

293 2123 433 2205 Episcopi
456 2123 698 2198 constituuntur,
712 2123 861 2204 tantaque
885 2123 1023 2204 ipsorum
1040 2123 1182 2204 potestas
1204 2125 1258 2197 est,

295 2223 443 2302 quantam
466 2222 637 2303 Episcopus
659 2221 901 2286 demandaverit.
1357 2215 1358 2224 ’

340 2319 413 2382 707.
424 2355 464 2365 -
476 2319 517 2382 H.
529 2317 709 2398 Praecipua
730 2319 849 2384 Vicarii
864 2317 1006 2382 Foruaee'
1024 2338 1157 2382 samiera
1172 2322 1256 2382 suat:

294 2417 328 2480 1⁰
351 2416 500 2498 Episcopo
533 2417 711 2480 renuntiare
745 2434 844 2480 mores
879 2413 1079 2490 Clericorum,
1112 2417 1205 2498 atque
1226 2415 1253 2478 in

292 2533 399 2578 eorum
422 2515 553 2578 crimina
585 2514 757 2596 inquirere;
784 2513 1073 2578 accurrentium
1104 2512 1252 2578 Constitu-

293 2611 415 2675 tionum
437 2611 652 2694 *Synodalium
685 2612 717 2674 et
745 2611 948 2674 Decretorum
979 2610 1124 2692 Episcopi
1154 2609 1251 2674 sedulo

290 2726 485 2790 promovere:
511 2709 546 2770 3ο
572 2709 756 2790 Episcopum
781 2709 957 2784 admonere,
991 2709 1018 2772 si
1047 2727 1109 2789 qua
1134 2707 1252 2772 fortuin
1356 2705 1357 2714 ’

289 2807 353 2871 suis
381 2807 502 2889 oppidis
536 2807 683 2870 adversus
708 2806 800 2870 fidem
823 2807 855 2871 et
879 2806 976 2870 bonos
1001 2824 1111 2882 mores,
1129 2807 1184 2870 aut
1201 2805 1251 2867 Dei

290 2906 421 2981 cultum,
461 2905 649 2986 templorum
685 2904 923 2979 venerationem,
955 2904 1108 2967 festorum
1138 2903 1250 2967 dierum

290 3003 529 3076 observantiam,
544 3005 575 3066 et
587 3003 790 3066 christianam
803 3003 1008 3084 disciplinam,
1027 3003 1249 3083 perpetrentnr;

292 3103 326 3162 4⁰
354 3100 483 3181 denique
517 3119 627 3164 causas
660 3095 766 3162 civiles
801 3100 891 3182 parvi
923 3099 1074 3164 momenti
1110 3099 1246 3166 definire:

293 3197 327 3259 5⁰
347 3217 402 3262 suo
415 3200 554 3279 tempore
571 3195 834 3281 Congregationes
850 3195 981 3261 indicere
997 3215 1052 3280 pro
1069 3195 1250 3262 resolutione

297 3314 426 3360 casuum
451 3295 666 3360 conscientiae.

337 3391 411 3456 708.
436 3427 479 3440 -
503 3391 600 3457 Nom.
629 3394 660 3456 l⁰
684 3391 763 3458 Cum
786 3393 930 3458 Vicarius
952 3393 1111 3458 Foraneus
1128 3392 1166 3458 ad
1182 3388 1250 3456 octi·

290 3489 387 3554 duum
410 3509 429 3554 a
454 3491 605 3555 vicariatu
629 3491 735 3556 abesse
758 3490 899 3556 debuerit
922 3491 971 3554 vel
987 3491 1134 3566 volucrit,
1151 3491 1251 3553 disces

292 3605 362 3650 sum
384 3587 570 3664 Provicario,
596 3588 645 3652 vel
675 3588 845 3670 antiquiori
868 3589 1038 3654 vicariatus
1064 3588 1199 3652 Parocho
1214 3584 1249 3649 si·

293 3683 439 3766 gnificsre
463 3685 553 3749 debet
579 3683 726 3768 (Scavini,
750 3686 781 3750 ct
804 3686 859 3750 alii
885 3686 1122 3769 communiter);
1152 3687 1185 3748 2⁰
1208 3700 1252 3746 cu·
