2818 4276
260 239 326 285 Gdl’.
351 242 383 286 ll.
410 241 447 287 Ill]
472 241 597 289 IL'RIBUS
620 241 798 288 PRAECIPUIS
822 239 982 287 accesssit*
1074 239 1110 291 89

134 332 198 337 ——
231 333 294 338 —---
477 333 838 340 —W———u-—o

131 435 183 498 ad
207 435 380 498 utilitatem
403 435 529 510 civium,
555 437 627 518 quia
652 438 704 519 qni
727 441 876 519 praesunt
899 438 1019 514 ceteris,
1052 439 1110 502 hac

131 553 206 596 una
219 534 255 596 de
267 553 376 598 caussa
389 536 546 616 praesunt,
560 537 597 598 ut
613 536 751 599 civitatis
767 535 937 599 utilitatem
952 537 1109 600 tueantur.

130 631 251 713 Neque
267 633 330 697 ullo
345 633 435 714 pacto
458 633 726 706 committendum,
751 636 787 696 ut
815 634 906 697 unius
929 634 977 698 vel
1001 653 1112 716 pauco·

132 747 214 792 rum
238 730 398 794 commodo
424 731 539 794 serviat
563 731 661 796 civilis
685 732 865 807 auctoritas,
882 751 952 794 cnm
977 731 1016 796 ad
1032 751 1112 796 com-

134 847 239 891 mune
256 829 392 892 omnium
410 829 524 892 bonum
540 829 710 892 constituta
727 831 778 892 sit·
795 828 884 907 Quod
901 829 937 904 si,
954 830 1006 910 qni
1024 847 1112 910 prae-

135 927 229 1000 00110,
248 925 432 990 delabantur
447 926 479 988 in
495 925 689 990 dominatum
705 927 867 1002 iuiustum,
885 927 911 989 si
927 927 1112 1007 importuni-

135 1023 212 1086 tate
226 1019 406 1104 supe’rbiave
419 1024 621 1105 peccaverint,
635 1025 660 1086 si
673 1023 754 1088 male
766 1024 877 1106 populo
889 1023 1110 1095 consuluerim,

136 1120 246 1184 scient
271 1120 331 1184 sibi
353 1123 504 1184 rationem
530 1121 696 1203 aliquando
724 1122 788 1186 Deo
820 1139 884 1186 esse
914 1120 1110 1195 reddendam,

138 1217 240 1298 idque
262 1221 350 1282 tanto
376 1220 521 1294 severius,
547 1222 663 1300 quanto
687 1220 737 1283 vel
762 1219 913 1282 sanctiore
937 1219 967 1281 in
987 1237 1112 1282 munere

138 1317 264 1379 versati
280 1317 352 1392 sint,
369 1317 418 1380 vel
433 1317 565 1400 gradum
579 1317 743 1402 dignitatis
755 1317 898 1381 altiorem
912 1316 1111 1380 obtinuerint.

139 1412 298 1477 Potentes
323 1419 468 1493 potenter
499 1419 652 1478 0011100000
674 1417 838 1494 potientur
861 1437 878 1472 »
917 1413 992 1495 (Leo
1024 1412 1111 1488 XIII,

141 1511 221 1574 Ena.
247 1512 429 1576 Immortalis
452 1512 542 1594 Dei).

193 1609 269 1674 276.
285 1647 331 1656 —
342 1609 397 1672 IV.
428 1609 579 1689 Episcopi
593 1631 661 1674 0010
677 1610 821 1674 Rooooao
835 1609 990 1688 Pontifioe
1005 1608 1114 1689 perder-

141 1709 229 1767 00100
250 1705 434 1782 Ecclesium,
458 1725 529 1772 cum
553 1726 588 1772 eo
612 1706 816 1770 inlellibiliter
840 1705 959 1780 docent,
984 1723 1114 1785 utrmque

139 1821 181 1866 eo
204 1803 316 1886 ligant,
340 1806 371 1868 et
395 1803 537 1878 001100ος
563 1805 618 1868 sad
639 1804 757 1884 ubsque
780 1825 823 1879 eo,
849 1804 926 1884 quia
954 1801 1113 1882 0000090110,

140 1900 341 1980 disperarent,
365 1903 450 1966 extra
479 1903 690 1984 episcopatum
721 1901 907 1965 catholicum
938 1901 1058 1974 vivunt,
1084 1901 1114 1962 et
1241 1947 1245 1954 .

141 1999 183 2060 ut
199 1997 387 2062 schismatici
403 2001 434 2062 in
450 2019 545 2064 manu
557 1999 670 2081 proprii
683 1998 801 2064 concilii
816 1998 933 2080 privati
944 1998 1113 2060 remanent.

143 2095 190 2180 V.¹
213 2093 373 2174 Philipps,
399 2096 437 2160 de
461 2097 525 2160 Iur.
549 2097 621 2161 eccl.

194 2191 269 2254 277.
288 2229 327 2240 -
345 2193 383 2255 V.
405 2217 422 2252 «
438 2193 487 2258 Sic
504 2213 609 2258 omnes
624 2192 822 2275 apostolicae
839 2191 925 2256 Sedis
941 2191 1114 2254 sanctiones

144 2289 342 2370 accipiendae
360 2293 442 2365 sunt,
459 2293 621 2372 tamquam
638 2291 735 2372 ipsius
759 2289 855 2352 diviui
879 2288 963 2352 Petri
980 2286 1117 2350 100001-

144 2388 253 2450 matae
277 2387 338 2450 sint
362 2413 379 2447 »
407 2387 546 2471 (Agatho
568 2389 664 2470 Papa,
689 2407 755 2452 can.
781 2389 811 2462 2,
836 2385 865 2448 d.
893 2385 958 2466 19).

195 2484 270 2546 278.
303 2522 337 2532 -
365 2484 418 2547 VI.
442 2484 660 2560 Bellarminus,
685 2484 739 2548 lib.
759 2485 774 2546 i
795 2483 831 2546 de
855 2483 943 2546 Rom.
968 2481 1115 2546 Pontifice

145 2599 216 2662 cap.
243 2581 283 2658 7.,
297 2581 343 2646 ite
366 2584 448 2646 recte
472 2583 727 2666 argumentatur:
749 2606 766 2640 e
791 2581 939 2665 Regimen
963 2579 1116 2642 Ecclesiae

147 2679 385 2760 supernaturale
401 2681 458 2756 est,
475 2681 590 2744 nemini
605 2680 704 2763 igitur
720 2679 871 2754 convenit,
888 2677 947 2742 nisi
967 2677 1017 2740 cui
1032 2677 1116 2740 Deus

148 2775 315 2839 commisit.
339 2776 485 2860 Legimus
519 2779 624 2840 autem
656 2777 688 2840 in
720 2776 886 2858 Scripturis
917 2775 1116 2839 commissum

145 2873 305 2956 Apostolis
331 2876 362 2937 00
386 2874 544 2956 llpiscopis
568 2893 676 2940 eorum
704 2873 940 2938 successoribus.
969 2850 1051 2934 Nam
1080 2870 1116 2932 de

147 2972 242 3035 Petro
253 2971 404 3054 Apostolo
417 2972 535 3035 dictum
548 2974 595 3036 est
607 2994 613 3034 :
622 2991 717 3051 posce
729 2991 797 3034 oues
809 2989 893 3032 meos
905 2969 1015 3050 (Ioan,
1028 2968 1116 3050 ult.)·;

149 3071 181 3134 et
213 3069 249 3132 de
279 3069 438 3153 Eptscopis
462 3071 575 3134 dicitur
599 3070 683 3153 (Act.
709 3071 786 3152 20):
813 3087 889 3146 quos
906 3067 1015 3144 posuit
1029 3063 1118 3128 Deos

147 3166 322 3246 ll'oriscopos
333 3187 439 3248 repere
451 3167 628 3232 Ecclesiam
640 3168 714 3231 Dea'.
727 3167 773 3230 De
788 3165 913 3248 regibus
936 3163 1014 3228 nihil
1029 3162 1118 3226 huiu-

149 3264 251 3328 smodi
274 3284 412 3345 nuquam
433 3266 576 3349 legimus.
602 3291 619 3323 s
646 3266 687 3328 Et
715 3264 820 3328 eodem
851 3263 919 3326 1000
950 3281 985 3324 ex
1017 3260 1117 3323 verbis

150 3363 294 3445 Apostoli
310 3364 342 3445 (1
368 3363 407 3427 ad
431 3362 570 3428 Corinth.
590 3365 641 3438 12,
659 3363 747 3426 etad
770 3361 881 3443 Ephes.
898 3361 951 3442 4):
996 3357 1118 3422 «Deus

150 3462 186 3524 oio
210 3460 354 3526 Ecclesia
370 3461 480 3541 posuit
494 3462 637 3542 primum
660 3459 836 3539 Apostolos,
854 3455 1119 3534 00000οΡ1000-

151 3563 211 3633 tus,
237 3559 328 3622 tertio
349 3557 503 3622 Pustorcs
526 3562 557 3622 00
577 3557 729 3622 Doctores
752 3580 790 3632 »3
815 3555 858 3620 sic
893 3555 1118 3618 ratiocinatur:

153 3681 173 3715 e
186 3656 219 3721 Si
242 3657 335 3739 primi
358 3657 430 3720 sunt
454 3655 607 3737 Apostoli,
624 3655 678 3736 qui
693 3653 836 3735 Episcopi
851 3653 986 3728 fuerunt,
1003 3653 1034 3715 00
1050 3651 1120 3732 qui-
