2812 4268
290 217 356 266 CAP.
380 219 420 264 lv.
447 221 486 266 DE
510 222 686 288 unurulsuu.
711 223 861 270 Bououun
883 223 1003 272 EOCLES.
1080 223 1130 278 391

162 427 299 500 lieentia,
323 421 396 506 quia
420 419 599 502 plerumque
623 419 764 500 quaestio
787 419 862 485 faeti
879 422 1001 504 praevie
1016 424 1131 488 erami-

162 524 267 590 nanda
289 522 359 586 erit.

211 622 306 686 1183.
332 656 376 666 -
391 617 449 680 III.
463 614 627 680 Aie'enata'o
649 614 897 694 comprehendit:
924 619 958 680 1ο
973 621 1062 682 notos
1075 639 1133 698 per

164 740 241 802 qnos
266 715 457 795 transfertur
479 714 528 776 ios
551 713 587 774 in
609 733 653 787 re,
679 713 776 777 veluti
800 715 873 778 suut
896 714 1033 790 donatio,
1059 734 1132 778 ven-

164 817 255 890 ditio,
279 811 478 897 permutatio,
503 809 599 874 cessio
622 809 699 880 litis,
724 811 755 874 et
769 811 913 876 aetionis
943 812 1007 876 iam
1039 830 1133 892 quae·
1235 849 1238 856 =

164 915 261 988 sitee3
286 914 320 975 2⁰
343 912 433 974 aetus
456 908 510 990 qui
533 907 751 971 alienationem
775 912 971 990 praeparant,
988 909 1034 972 uti
1059 911 1133 974 sunt

164 1013 288 1096 pignus,
297 1009 470 1093 hypotheca
483 1006 637 1089 specialis3
651 1006 685 1069 3⁰
698 1009 786 1070 aetus
797 1025 851 1088 per
863 1025 940 1088 quos
948 1006 1134 1078 transfertur

164 1111 335 1175 dominium
359 1106 455 1170 etiam
480 1105 582 1168 minus
605 1104 739 1185 plenum,
764 1107 801 1168 ut
827 1104 942 1186 locatio
973 1105 1132 1182 diuturna,

113 1237 115 1240 ’
163 1207 322 1288 impositio
348 1204 552 1276 ususfructus,
569 1202 640 1266 novi
656 1202 857 1285 gravaminis,
874 1204 1035 1268 servitutis
1050 1197 1132 1285 (Hu-

120 1333 122 1336 ·
164 1305 289 1390 guenin,
314 1302 480 1384 Zaliinper‚
504 1300 526 1364 l.
551 1300 590 1375 3,
607 1300 659 1363 tit.
687 1300 752 1382 13).

212 1403 308 1466 1184.
321 1435 364 1447 -
379 1399 474 1471 Nous.
491 1398 576 1462 Bona
601 1398 807 1462 ecelesiastica
830 1399 870 1462 ad
893 1399 974 1464 huno
990 1401 1132 1466 ellectum

162 1503 327 1566 censentur
343 1499 447 1563 omnia
463 1497 543 1562 bona
559 1496 767 1572 eeclesiarum,
786 1499 1045 1562 monasteriorum
1057 1497 1134 1579 (oer-

164 1600 284 1663 tissime
307 1599 428 1661 constet
450 1596 543 1658 etiarn
571 1613 609 1656 ea
636 1591 766 1658 Urbano
798 1593 909 1676 VIII),
933 1597 1135 1677 locorumque

162 1688 285 1779 piorum
310 1689 521 1776 quorumlibet
543 1711 579 1755 er
594 1691 772 1756 definitione
786 1691 879 1757 Pauli
903 1694 934 1757 ΙΙ
957 1695 989 1758 in
1005 1694 1133 1756 lintres.

163 1793 361 1858 Ambitiosae
383 1790 420 1854 de
443 1789 534 1852 rebus
557 1790 615 1853 eto.
640 1807 700 1853 non
723 1790 814 1854 alien.
839 1789 887 1872 (O.
911 1790 1046 1876 Ferrarii
1072 1789 1093 1852 ¹.
1130 1849 1131 1854 ,

212 1892 308 1956 1185.
323 1925 363 1936 -
383 1889 585 1955 conditiones
610 1888 877 1954 alterutrata-
901 1889 1136 1966 Rseuraunuua

163 2006 273 2054 russin
297 2004 413 2052 crusis
437 2003 475 2050 nr
499 2001 736 2050 sensnurrssss.
754 2021 797 2032 --
817 1985 991 2051 Laersrurs
1015 2003 1134 2050 ornere

162 2102 378 2152 rnrnusrrorus
402 2086 491 2148 sunt:
516 2084 541 2146 l.
565 2081 745 2146 Necessitas
769 2082 923 2159 ecelesiae,
947 2085 996 2147 oui
1024 2101 1135 2167 nempe

209 2287 220 2324 ¹
239 2279 324 2344 ΒοιυιΙ
336 2287 539 2344 rnnrsrosraun
557 2307 735 2355 sinnaritanus.
756 2315 791 2326 ·-
810 2290 831 2342 Ι.
854 2287 864 2312 “
882 2289 980 2344 Utrum
1001 2289 1077 2344 bona
1096 2289 1132 2344 ad

165 2379 306 2434 familiam
324 2378 495 2447 religiosam,
516 2379 561 2432 vei
581 2377 658 2432 aliud
677 2377 755 2445 pium
768 2377 935 2432 institutum
949 2377 1134 2445 pertinentia,

163 2483 237 2536 quae
256 2470 352 2520 tamen
371 2467 401 2520 in
419 2465 481 2520 foro
501 2465 579 2520 civili
598 2469 745 2536 tamquam
766 2466 924 2534 proprietas
953 2465 1058 2534 privati
1085 2466 1133 2520 ho?

163 2555 248 2610 minis
266 2555 468 2622 inscribuntur,
487 2555 606 2610 alienari
626 2555 736 2623 possint
756 2556 863 2624 absque
882 2555 999 2624 praevio
1020 2555 1047 2609 S.
1068 2554 1133 2608 Sed·

163 2643 325 2714 permissui
354 2671 388 2680 -
418 2644 451 2698 R.
470 2644 639 2714 Negative,
670 2643 709 2710 (S.
730 2643 758 2698 C.
791 2645 848 2698 ΕΕ.
867 2662 900 2700 ao
920 2645 987 2710 RR,
1009 2646 1041 2699 li
1066 2645 1131 2700 Feb.

165 2732 273 2798 lessi·
438 2799 439 2804 ἵ
672 2727 675 2732 ’
918 2801 920 2806 Ι
944 2801 947 2806 ¹

208 2823 242 2876 II.
264 2821 275 2845 ⁸
293 2821 390 2887 Quoad
410 2823 531 2892 primam
550 2824 754 2892 quaestionem,
783 2829 877 2878 utrum
906 2823 1043 2878 Instituta
1067 2823 1135 2878 reli·

162 2901 245 2982 piosa
264 2917 393 2969 votorum
412 2913 591 2980 simplicium,
612 2914 671 2968 sive
690 2914 814 2968 virorum
829 2914 889 2968 sive
901 2913 1059 2975 mulierum,
1073 2913 1135 2967 sive

163 3019 180 3056 a
199 3001 226 3056 S.
247 3001 318 3057 Sede
337 3001 496 3069 approbata
514 3001 574 3056 sive
592 3005 704 3056 tantum
724 3001 900 3066 dioecesana,
920 3001 1073 3069 indigeant
1084 3001 1133 3056 be·

161 3091 305 3160 nepleoito
326 3091 406 3146 Sedis
426 3092 607 3160 Apostolieae
634 3111 684 3161 pro
713 3091 887 3148 alienatione
916 3111 1030 3148 suorum
1048 3092 1134 3146 bono·

161 3195 232 3244 rum,
252 3180 397 3248 responsio
416 3185 461 3234 est
474 3175 654 3235 affirmativa.
668 3163 770 3236 Relate
784 3197 849 3236 vero
865 3179 901 3234 ad
915 3179 1035 3236 alteram
1049 3195 1132 3248 quae·

65 3314 68 3319 .
161 3269 291 3335 ationem,
310 3273 406 3324 utrum
418 3269 560 3338 Elpisoopi
579 3270 608 3324 ri
636 3270 780 3340 privilegii
808 3270 878 3339 ipsis
907 3270 1033 3326 concessi
1058 3269 1135 3324 eirea

160 3358 364 3414 alienationem
382 3359 528 3415 bonorum·
539 3361 708 3428 dioeceseos,
722 3361 833 3430 possint
846 3358 1001 3430 praedietis
1014 3358 1123 3430 Gangre

160 3451 326 3522 grationibus
355 3452 407 3506 has
435 3453 625 3510 alienationes
653 3453 829 3522 permittere,
848 3448 995 3522 responsio
1020 3455 1082 3508 esta
1102 3451 1137 3516 iil.

160 3557 243 3610 posse
272 3539 424 3612 Episcopos
453 3543 530 3598 intra
558 3541 664 3597 limites
692 3559 761 3598 suae
790 3541 966 3607 facultatis,
987 3539 1028 3608 (S.
1047 3539 1076 3595 O·
1098 3541 1136 3598 de

161 3632 242 3704 Prop.
262 3634 338 3700 side,
361 3633 393 3686 15
406 3633 472 3710 ulan.
496 3627 587 3700 1903).
