2750 4270
326 219 391 265 GAP.
416 219 459 264 ΙΙΙ.
484 220 523 266 DE
548 219 758 266 EPISCOPORUM
782 219 935 267 GRADIBUS
1066 217 1115 272 183

132 420 229 502 leges
254 437 290 482 ea
320 419 492 483 intentione
522 420 606 484 latae
642 421 715 482 sunt
737 421 774 484 ut
797 417 970 501 proficiant,
995 437 1054 483 non
1077 419 1114 483 ut

133 517 278 581 noceant
293 541 311 574 >
339 513 483 600 (Soglia).

174 615 268 676 529.
293 651 336 660 —-
358 614 400 676 ll.
425 614 576 695 Episcopi
598 617 633 678 iu
655 615 798 678 omuibro
815 613 935 695 lapibus
958 616 1055 678 sicea
1070 636 1112 690 sc,

132 712 207 775 sive
230 711 273 774 ab
296 732 402 774 eorum
420 713 721 792 praedecessoribus,
746 713 794 775 oel
818 714 851 774 ia
876 712 1001 793 Synoda
1017 713 1113 778 Dioc-

133 829 270 883 cesaaa,
292 809 356 872 siue
379 813 470 872 extra
486 809 646 890 Spuodum
670 809 744 873 latis
766 811 949 890 dispensare
960 813 1094 889 possunt
1102 829 1112 885 ‚·

137 930 157 964 «
176 907 284 969 omnis
307 906 388 970 enim
409 925 456 969 res
473 926 527 987 per
542 925 752 988 quascumque
769 927 879 971 causas
895 908 1042 978 nascitur,
1061 925 1114 988 per

134 1004 271 1068 easdem
295 1004 522 1068 dissolvitur.»

186 1103 267 1164 530.
293 1137 334 1148 -
352 1102 409 1165 ΙΙΙ.
426 1103 469 1166 Ia
484 1103 578 1183 praei
600 1105 781 1166 necessitate
798 1125 836 1168 ea
856 1103 985 1166 licentia
1001 1101 1112 1180 Papae

131 1203 354 1278 praesumpta,
379 1198 553 1279 Episcopus
573 1204 675 1279 potest
697 1201 881 1280 dispensare
904 1221 972 1264 curu
993 1197 1112 1280 lapibus

134 1296 345 1378 pecieralibus
367 1296 593 1361 ecclcsiosticis.
609 1297 698 1361 Idem
720 1298 814 1361 dicito
829 1301 859 1360 si
873 1297 958 1360 adsit
974 1296 1112 1378 lepitima

135 1394 331 1458 cmisuetudo
348 1415 410 1473 pro
433 1393 593 1474 aliquibus
616 1395 739 1458 casibus
763 1395 959 1475 specialibus,
975 1395 1009 1457 1⁰
1034 1411 1112 1474 qaae

134 1512 194 1574 pcr
219 1493 347 1555 centum
362 1511 460 1558 annos
473 1493 514 1556 sit
537 1493 720 1556 continuata
737 1495 852 1574 absque
868 1492 1111 1556 intermissione:

138 1591 177 1652 2ο
203 1590 299 1654 modo
327 1615 344 1648 «
360 1610 413 1672 per
436 1609 503 1653 eam
532 1589 758 1654 ecclesiasticae
790 1589 969 1672 disciplinae
1002 1607 1112 1652 nervus

134 1705 201 1752 non
228 1686 435 1769 dirumpatur.
453 1713 470 1746 »
498 1686 559 1752 Gir.
584 1687 697 1752 Bened.
714 1687 790 1751 XIV
806 1687 843 1752 de
859 1692 931 1771 Syn.
948 1688 969 1750 l.
989 1689 1019 1760 9,
1036 1706 1062 1750 c.
1080 1688 1111 1750 2.

136 1783 232 1864 Quin
258 1801 304 1848 sm
327 1803 437 1850 onius
460 1803 641 1850 nncnssrms
664 1803 727 1850 uon
751 1804 805 1850 nsr
829 1801 935 1850 sicma
959 1802 1113 1850 osanam·

136 1900 245 1956 usam
272 1901 329 1947 ssa
351 1901 452 1948 sium
475 1902 675 1960 asculanus,
708 1902 748 1948 nn
779 1901 872 1948 casus
896 1901 1020 1948 rlrrms
1043 1900 1112 1947 amr

138 1997 345 2045 amabamus.
378 1981 549 2046 Dicendum
581 2001 649 2044 cum
675 1979 902 2058 Reiffeustuel:
935 2008 951 2038 «
968 2000 1058 2046 casus
1080 1981 1111 2044 in

142 2102 161 2136 ‹
179 2097 243 2159 quo
267 2079 437 2161 Episcopus
460 2081 565 2161 potest
587 2079 763 2160 dispensare
776 2080 807 2142 in
831 2077 1112 2143 constitutionibus

142 2200 161 2234 ‹
177 2175 378 2258 Apostolicis,
407 2180 438 2242 et
469 2177 600 2240 decretis
623 2175 753 2241 Concilii
777 2176 928 2260 generalis
952 2177 1000 2240 est
1022 2193 1112 2238 casus

142 2299 161 2334 «
178 2293 315 2357 magnae
337 2276 540 2349 necessitatis,
557 2275 607 2340 vel
622 2275 773 2340 evidentis
797 2274 947 2338 utilitatis
971 2273 1007 2338 dc
1031 2291 1111 2338 novo

142 2390 353 2454 «emergens,
377 2373 479 2453 sitque
503 2373 674 2454 periculum
699 2373 730 2435 in
753 2390 851 2447 mora,
876 2391 930 2434 nec
958 2371 1048 2436 facile
1072 2370 1112 2434 ad

142 2493 162 2527 «
181 2467 348 2533 Summum
373 2470 553 2534 Pontificem
569 2471 683 2534 recurri
701 2471 833 2552 possit...
850 2471 944 2534 Ratio
968 2469 1112 2550 estquis

143 2591 162 2625 «
178 2567 213 2630 in
238 2566 297 2630 tali
320 2574 393 2632 casu
417 2587 452 2631 ex
476 2568 705 2632 rationabiliter
727 2570 927 2650 praesumpta
951 2567 1111 2632 voluntate

144 2664 302 2728 «Summi
335 2665 504 2741 Pontificis,
538 2669 680 2730 censetur
703 2667 870 2748 Episcopus
894 2665 1005 2730 habere
1033 2683 1111 2730 com·

144 2786 163 2820 «
179 2763 311 2825 missam
335 2763 393 2826 sibi
417 2764 605 2845 potestatem
630 2763 844 2846 dispensandi;
868 2763 926 2828 hoc
956 2764 1037 2828 enim
1062 2764 1110 2828 vi-

144 2883 164 2918 «
180 2859 275 2922 detur
309 2861 428 2942 exigere
459 2861 614 2942 pastorale
649 2861 785 2925 officium
814 2861 1046 2942 Episcoporum,
1074 2880 1111 2924 ne

146 2979 164 3015 c
180 2955 322 3037 alioquin
347 2975 418 3022 oves
441 2959 516 3040 ipsis
539 2959 732 3024 concreditae
755 2959 786 3022 in
809 2977 883 3022 casu
906 2959 1046 3041 urgentis
1062 2977 1111 3022 ne

146 3078 164 3112 c
180 3053 339 3118 cessitatis
364 3055 607 3120 destituerentur
630 3057 809 3120 necessariis
833 3056 1001 3120 auxiliis.»
1029 3055 1066 3138 (l.
1080 3061 1111 3133 1,

143 3154 165 3212 t.
191 3153 226 3225 2,
251 3151 288 3214 de
325 3149 432 3216 Consi.
455 3175 488 3216 u.
522 3153 612 3239 470).
636 3153 706 3218 Nan
738 3156 843 3218 tamen
874 3153 950 3217 haec
976 3151 1111 3218 facultas

143 3246 273 3312 dicenda
297 3251 345 3312 est
368 3250 542 3327 ordinaria,
568 3253 639 3332 quia
663 3253 811 3333 perpetuo
828 3249 929 3316 officio
944 3251 1111 3333 episcopali

143 3343 239 3410 affixa
270 3348 327 3420 est,
361 3347 414 3410 sed
445 3349 711 3425 eatraordiuaria,
744 3350 817 3430 quia
849 3369 884 3412 ex
911 3352 1112 3430 praesumpta

142 3441 306 3508 Pontificls
329 3445 542 3510 commissione
566 3447 691 3510 manat:
716 3446 808 3510 aliter
822 3447 964 3530 Episcopi
991 3447 1111 3514 dicendi

143 3539 247 3609 forent
280 3561 371 3626 agere
401 3563 437 3608 er
468 3546 623 3626 potestate
655 3544 810 3610 ordinaria
840 3565 911 3610 cum
941 3545 1112 3628 procedunt

143 3637 308 3720 tamquam
332 3640 467 3726 delegati
490 3641 663 3724 Apostolici
686 3661 721 3706 ex
745 3643 938 3728 delegatione
954 3643 1012 3707 sibi
1028 3644 1113 3708 facta
