2750 4270
304 221 358 273 208
507 221 681 267 salutatus
704 221 747 265 Ill.
772 220 811 266 Du
836 215 1058 264 ELECTIONIBUS

309 416 421 480 «infra
445 416 616 480 notandum
641 415 761 478 differre
784 412 987 486 IntendImus,
1013 409 1091 472 adeo
1110 410 1155 482 ut,
1181 405 1263 469 aella

308 537 326 572 ‹
335 533 471 593 prorsas
494 513 655 576 interiecta
679 531 775 586 mora,
810 529 930 574 cessare
965 507 1076 572 statIm
1111 505 1217 569 debeat
1246 523 1262 566 a

308 634 326 670 «
342 611 584 692 quibuscumque
597 609 809 683 conventibus,
822 605 1118 690 congregationibus
1126 605 1157 666 et
1166 603 1262 666 sessio

309 733 326 766 «
341 708 442 784 nibus,
466 709 497 771 et
520 727 538 771 a
562 707 722 788 quibusvis
746 705 876 770 decretis
901 723 956 768 seu
979 703 1150 766 canonibus
1183 699 1261 764 confi·

310 806 467 882 «ciendis,
492 824 546 868 nec
569 805 606 868 ob
630 805 886 886 qualemcumque
909 821 1048 874 causam,
1065 799 1186 863 etiamsi
1201 817 1263 882 gra-

309 927 326 962 ‹<
344 904 469 967 vissIma
492 905 523 966 et
547 902 671 984 speciali
687 903 841 966 mentione
857 900 952 983 digna
970 898 1125 972 videatur,
1142 897 1263 959 ulterius

309 1000 495 1084 «progredi,
520 1000 614 1064 donec
637 1018 735 1063 novus
759 998 900 1062 Pontifex
924 993 1262 1060 asacroCardinalium

310 1098 472 1179 «collegio
496 1098 639 1161 canonice
663 1096 778 1160 electus
813 1113 957 1176 suprema
993 1113 1051 1157 sua
1083 1092 1262 1156 auctoritate

309 1218 326 1252 «
343 1191 471 1258 Concilii
495 1195 592 1275 ipsius
623 1194 899 1274 reassumptionem
931 1195 963 1255 et
998 1190 1261 1272 prosequutionem

309 1316 326 1350 <‹
342 1291 462 1354 dumrit
486 1289 690 1355 intimandam
719 1316 750 1353 ».
779 1328 817 1336 -
842 1291 925 1354 lnnu
949 1291 1112 1353 Ponntsnx
1143 1286 1262 1352 mandat

304 1388 387 1470 qnod
414 1413 432 1446 a
448 1393 563 1451 ceriam
586 1387 788 1468 stabilemque
811 1408 955 1450 normam
977 1387 1014 1450 ia
1037 1386 1138 1450 simili
1167 1405 1262 1448 raum

305 1493 414 1550 eventu
443 1490 593 1566 perpetuo
627 1486 814 1548 seruandum
837 1509 855 1544 s
883 1484 1085 1567 suppeditent
1115 1483 1263 1562 hucusque

306 1584 399 1647 dicta.
425 1621 466 1629 -
491 1583 625 1648 Normae
641 1583 863 1646 substantiales
880 1583 1038 1646 electionis
1055 1581 1177 1644 Summi
1192 1580 1263 1644 Pon·

306 1680 398 1744 tificis
414 1699 432 1744 a
447 1681 584 1762 pluribus
608 1681 671 1742 iam
695 1679 826 1744 saeculis
850 1681 977 1743 eaedem
1001 1680 1089 1754 sunt;
1115 1678 1169 1742 sed
1185 1675 1264 1758 quasi

306 1778 338 1841 in
361 1778 603 1841 accidentalibus
626 1777 821 1841 modificatae
833 1796 888 1858 pro
906 1779 1085 1860 temporum
1109 1774 1264 1841 adiunctis.

306 1874 393 1938 Unde
417 1875 563 1938 standum
588 1875 710 1938 omnino
733 1876 781 1938 est
804 1875 982 1940 novissimis
1014 1875 1203 1939 Pontificum
1224 1871 1265 1934 de·

306 1973 407 2048 oretis,
433 1993 510 2054 quae
534 1975 629 2036 etiam
653 1975 723 2054 post
747 1975 877 2036 mortem
901 1974 1061 2038 Pontificis
1079 1974 1129 2037 vel
1145 1971 1265 2036 durante

307 2067 451 2133 Conclevi
475 2071 690 2135 Cardinalibus
713 2070 775 2153 legi
799 2069 910 2134 debent
933 2072 965 2134 et
988 2071 1149 2154 leguntur.

350 2168 424 2230 602.
443 2205 485 2213 —
500 2167 598 2230 Nom.
615 2167 662 2230 Ab
678 2167 813 2230 Adriano
838 2168 884 2230 Ill
910 2165 1088 2252 (Agapetus
1113 2169 1204 2232 antea
1221 2185 1266 2229 vo·

305 2266 407 2346 catus)
421 2283 527 2328 omnes
539 2265 691 2346 assumpti
700 2265 739 2328 ad
750 2265 913 2329 Summum
923 2265 1152 2330 Pontificatum
1164 2282 1265 2329 nomen

306 2363 428 2424 mutare
449 2363 682 2434 consueverunt,
700 2363 727 2426 si
741 2362 914 2426 Adrianum
933 2363 977 2427 lV
994 2365 1027 2427 et
1042 2363 1225 2428 Marcellum
1239 2359 1266 2424 ll

309 2460 442 2540 excipias
461 2459 481 2520 ¹.

352 2743 533 2798 1Αιιυωιιτιο
560 2745 649 2799 Suum
675 2747 883 2802 Ponnrnrcnsus.
911 2775 944 2786 -
970 2750 991 2802 I.
1017 2750 1185 2804 Bonifacius
1208 2746 1265 2801 VIII

307 2829 387 2901 (Cap.
400 2833 538 2903 Quoniam
551 2837 641 2903 aliqui
654 2836 688 2889 de
701 2841 811 2891 renunt.
825 2838 870 2892 tit.
883 2840 906 2905 7,
917 2839 947 2891 in
961 2839 1016 2904 6⁰):
1032 2839 1174 2904 Quoniam
1188 2835 1266 2906 aliqui

307 2922 409 2976 curiosi
429 2923 620 2991 disceptantes
640 2925 736 2988 daile,
757 2943 829 2993 quae
848 2945 906 2980 non
925 2929 1048 2982 multum
1068 2929 1230 2997 expediunt,
1242 2928 1265 2979 et

309 3011 390 3078 plura
409 3029 516 3079 sapere,
536 3029 621 3080 quam
635 3018 767 3080 oporteat
780 3012 891 3076 (contra
903 3016 1062 3070 doctrinam
1077 3015 1218 3086 Apostoli]
1230 3019 1265 3069 te·

308 3117 384 3155 mere
403 3105 579 3168 appetentes,
599 3103 629 3154 in
647 3102 855 3158 dubitationem
880 3105 1042 3170 sollicitam,
1067 3125 1106 3161 an
1133 3108 1263 3162 Romanus

308 3189 442 3242 Pontifex
466 3185 600 3258 (maxime
629 3206 691 3244 cum
716 3209 745 3244 se
770 3189 992 3248 insufficientem
1016 3197 1150 3265 agnoscit
1174 3195 1208 3249 ad
1231 3208 1265 3246 re·

308 3278 431 3344 gandam
445 3279 631 3332 universalem
643 3279 809 3345 Ecclesiam,
823 3285 853 3336 et
866 3281 974 3336 Summi
990 3284 1177 3340 Pontificatus
1191 3297 1264 3338 onera

309 3367 515 3434 supportanda)
535 3369 700 3422 renunciare
725 3370 822 3424 valeat
846 3365 977 3440 Papatui,
1005 3375 1126 3443 eiusque,
1146 3373 1220 3429 oncri
1240 3373 1263 3424 ot

308 3456 417 3512 honori,
437 3455 574 3509 deducere
594 3457 685 3510 minus
700 3458 816 3524 provide
830 3460 994 3516 videbatur:
1009 3462 1185 3519 Coelestinus
1198 3463 1262 3528 Papa

308 3545 438 3610 Quintus,
458 3545 659 3600 Praedecesser
678 3547 782 3601 Noster
795 3549 873 3612 (dum
893 3551 1020 3608 eiusdem
1040 3554 1185 3610 Ecclesiae
1203 3549 1261 3620 regi·

308 3633 377 3686 mini
398 3631 591 3700 praesidebat)
611 3635 706 3688 volens
727 3653 809 3704 super
828 3638 881 3691 hoc
900 3639 1101 3698 haesitationis
1128 3639 1260 3697 cuiuslibet
