2818 4276
321 251 370 306 106
549 253 654 299 Tuscu.
679 254 718 300 DE
741 254 815 300 IURE
839 253 928 300 PUBL.
952 253 985 298 IN
1009 253 1081 299 GEN.

319 455 479 519 nocentius
502 453 559 530 ΙΙΙ,
584 451 690 518 Consi.
715 454 814 518 Novit
830 451 883 516 ille
899 472 979 518 anno
997 455 1093 529 1204,
1111 473 1180 517 cum
1198 452 1288 518 Ioan-

317 572 386 618 nem
409 552 540 635 Angliae
556 571 660 635 regem
677 552 909 616 exauctoravit:
930 575 948 611 a
964 551 1033 616 Non
1051 553 1133 634 quod
1150 553 1284 617 uelimus

321 674 339 708 «
356 649 488 734 (aicbat)
513 648 649 712 iudicare
672 649 709 712 de
733 648 833 724 leudo,
858 650 946 713 cuius
973 649 1013 713 ad
1037 651 1138 732 ipsum
1162 652 1286 732 spectat

321 747 511 822 «iudicium,
529 745 582 810 sed
600 745 758 810 decernere
778 745 814 810 de
830 747 966 828 peccate,
980 748 1068 810 cuius
1088 747 1126 810 ad
1140 767 1193 812 nos
1215 767 1284 830 spe·
1378 736 1382 787 Ι

320 868 338 901 «
353 846 419 908 ctat
442 845 506 908 sine
534 843 728 908 dubitatione
761 863 898 908 censura.
923 869 940 902 »
961 843 1180 926 (Scauri-Del
1204 845 1284 909 Vec·
1379 862 1383 939 ff

317 943 395 1017 chio,
415 941 519 1005 Tloeol.
537 941 657 1005 Merui.
675 942 736 1006 vol.
754 941 809 1018 IV,
826 963 855 1006 n.
878 943 963 1025 108).

339 1103 343 1113 ,
362 1039 437 1102 335.
454 1077 490 1084 -
509 1039 559 1102 Ad
575 1059 639 1103 rem
656 1057 728 1122 ergo
744 1040 862 1103 faciunt
878 1059 956 1122 quae
972 1041 1067 1104 habet
1079 1039 1282 1123 Seraphieus:

320 1163 338 1197 ι
362 1138 595 1220 Recognoscant
618 1137 716 1221 igitur
737 1137 897 1219 pontifices
913 1137 1028 1203 Christi
1044 1159 1080 1203 ac
1096 1140 1281 1216 sacerdotes,

316 1236 399 1318 quod
415 1255 432 1299 a
449 1235 650 1299 Dominatore
666 1235 826 1299 universae
849 1237 949 1300 terrae
972 1239 1152 1319 receperunt
1179 1257 1284 1320 supre-
1383 1235 1384 1254 ¹

315 1354 403 1398 mum
426 1333 609 1410 dominium,
626 1334 658 1396 et
685 1333 827 1397 adiebus
843 1335 958 1398 saeculi
975 1353 1035 1400 non
1059 1336 1161 1400 solum
1185 1336 1282 1400 homi·

316 1432 415 1508 nibus
433 1432 495 1496 imo
520 1432 551 1494 et
567 1431 715 1513 angelicis
740 1431 900 1513 spiritibus
922 1433 1046 1514 penitus
1069 1433 1278 1496 inauditum...

315 1529 408 1593 Patet
423 1529 531 1613 igitur,
549 1529 629 1610 quod
646 1528 957 1612 dignitasclericalis,
973 1531 1096 1611 quaein
1111 1549 1168 1594 sua
1181 1531 1281 1596 radice

315 1625 518 1700 considerata,
544 1636 591 1688 est
607 1625 729 1707 penitus
757 1625 939 1706 spiritualis,
957 1628 1069 1692 merito
1086 1628 1134 1691 est
1149 1647 1280 1692 consona

316 1723 415 1788 ordini
431 1723 669 1798 Dominationis‚
682 1743 767 1806 ¹parcre
782 1723 827 1786 sic
837 1725 1001 1802 praeeedit
1018 1723 1098 1788 alios
1115 1725 1282 1803 inferiores

315 1821 450 1896 ordiner,
475 1821 557 1901 quod
570 1820 643 1884 illos
666 1820 838 1898 illuminat,
862 1822 989 1902 perficit
1004 1827 1033 1886 et
1043 1827 1173 1904 perpet,
1193 1828 1223 1887 et
1237 1827 1280 1885 ta-

315 1938 384 1982 mea
400 1917 440 1980 ab
457 1917 523 1981 illis
538 1939 601 1982 coo
628 1917 838 1994 illuminatur,
866 1939 921 1982 nec
938 1919 1113 1999 perficitur,
1139 1941 1195 1984 aec
1206 1941 1281 2001 pur-

314 2020 418 2098 φαίην.
447 2015 526 2096 Quia
544 2017 624 2080 sicut
641 2015 769 2098 spiritus
785 2015 939 2099 dignitate
956 2019 987 2080 et
1003 2018 1104 2082 officio
1122 2018 1282 2101 praecellit

315 2132 433 2196 corpus,
450 2115 493 2177 sic
508 2115 647 2196 potestas
671 2113 844 2196 spiritualis
868 2113 988 2198 dignior
1004 2117 1051 2180 est
1067 2135 1161 2198 quam
1179 2136 1281 2181 saecu-

314 2213 410 2289 larls3
435 2215 466 2276 et
482 2212 548 2276 ideo
564 2213 639 2276 bene
656 2213 787 2276 sortitur
802 2231 913 2277 nomen
929 2215 1167 2280 Dominaticnis.
1193 2215 1280 2280 Unde

314 2329 442 2376 ancrms
470 2329 618 2376 rorusnns
646 2327 792 2376 sunrrcnn
819 2329 983 2377 coruscam
1013 2331 1051 2378 nr
1078 2331 1279 2379 aucronmlnr

314 2425 492 2484 sernmunnr,
510 2409 590 2472 sicut
605 2409 638 2472 in
653 2409 753 2490 prima
769 2409 914 2473 canonica
931 2410 1030 2492 (Petri
1047 2412 1077 2486 2,
1096 2413 1129 2494 9)
1147 2411 1278 2476 dicitur:

321 2505 381 2570 Vos
398 2507 472 2570 estis
497 2511 716 2588 persecucio,
747 2507 853 2588 rapula
880 2507 1086 2572 sacerdotium
1113 2511 1172 2573 etc.
1196 2509 1277 2574 Nam

312 2717 370 2772 lere
388 2717 539 2786 unicuique
559 2722 587 2772 et
607 2719 769 2774 concedere·
799 2718 855 2774 Vos
880 2720 956 2775 enim
975 2721 1195 2789 patriarchatus,
1221 2722 1277 2791 pri·

312 2811 413 2870 matus,
434 2807 703 2876 archiepiscopatus,
723 2808 902 2878 episcopatus
917 2809 1081 2878 frequenter
1095 2811 1201 2866 tulistis
1214 2829 1277 2880 pra-

312 2895 354 2948 vis
368 2899 397 2950 et
409 2895 542 2964 indignis,
557 2901 585 2950 et
598 2897 738 2966 religiosis
755 2898 821 2951 viris
841 2899 967 2954 dedistis.
983 2899 1012 2954 si
1026 2900 1103 2954 enim
1116 2901 1276 2968 spiritualia

311 2986 452 3050 iudicatis,
472 2987 540 3054 quid
560 2987 594 3040 de
614 2987 805 3043 saecularibus
820 3005 869 3042 vos
882 3005 965 3056 posse
980 2989 1150 3044 credendum
1165 2991 1262 3063 estlE

312 3075 335 3129 si
353 3076 487 3146 Angelos,
503 3076 682 3130 dominantes
696 3076 826 3130 omnibus
842 3077 969 3145 superbis
983 3078 1158 3158 principibus
1171 3079 1276 3133 iudica·

310 3165 386 3231 bitis,
406 3166 474 3234 quid
487 3166 521 3220 de
535 3166 648 3220 illorum
662 3166 749 3220 servis
765 3166 859 3220 facere
873 3168 993 3234 potestis
1004 3168 1017 3221 ‘l
1030 3169 1189 3224 Addiseant
1201 3187 1275 3224 nunc

311 3271 392 3324 reges
412 3259 441 3310 et
460 3271 556 3308 omnes
577 3255 683 3308 saeculi
703 3255 854 3324 principes,
878 3257 978 3324 quanti
991 3275 1041 3312 vos
1056 3259 1133 3324 estis,
1148 3259 1216 3328 quid
1229 3277 1277 3329 po-

310 3345 409 3407 testis3
423 3348 452 3398 et
465 3345 587 3399 timeant
599 3345 805 3413 parvipendere
820 3345 972 3400 iussionem
986 3347 1130 3403 Ecclesiae
1144 3353 1274 3411 vestrae3

310 3437 339 3488 et
358 3434 387 3486 in
402 3433 548 3502 praedicto
562 3433 684 3488 Henrico
699 3438 759 3488 tam
774 3434 830 3488 cito
845 3433 982 3490 iudicium
995 3441 1120 3491 vestrum
1139 3441 1275 3504 exercete,

310 3528 342 3578 ut
361 3541 457 3578 omnes
479 3522 580 3581 sciant,
606 3522 674 3592 quia
700 3541 755 3577 non
782 3523 911 3588 fortuitu,
938 3525 987 3579 sed
1011 3530 1107 3580 vestra
1132 3531 1274 3595 potestate

310 3614 400 3668 cadet,
422 3613 618 3669 Confundaour
636 3614 747 3668 utinam
772 3615 807 3668 ad
826 3615 1042 3683 poenitentiam,
1058 3619 1090 3671 ut
1109 3617 1225 3686 spiritus
1239 3617 1275 3671 sit

311 3704 405 3757 salvus
424 3704 454 3756 in
474 3704 518 3758 die
538 3704 651 3758 Domini
673 3745 694 3768 ,μ
