2818 4276
225 222 289 268 CAP.
307 221 349 268 111.
367 222 406 268 DE
423 221 647 270 uniariomnus
663 222 746 269 ECCL.
763 222 837 270 CUM·
855 222 919 270 SOC·
938 223 996 270 eii.
1066 223 1101 276 W

267 465 343 530 har.
368 465 410 529 ll.
435 464 486 531 Ile
510 465 743 532 relationibus
766 465 943 533 Ecclesiae

443 591 525 640 cunr
553 571 782 640 (lrthodoxis.

174 763 253 826 304.
281 798 321 808 -
337 759 600 830 Praenoiandom.
627 797 668 807 -
692 759 716 823 Ι.
734 760 918 826 Orraonoxx
942 763 1100 844 dicuntur,

123 861 182 943 qui
209 879 313 923 ceram
335 863 366 923 ct
389 861 547 940 intepronc
561 859 746 924 catholicam
763 857 854 922 iidem
872 861 928 926 sub
941 879 1002 925 uno
1023 863 1099 928 visi·

123 959 185 1022 bili
223 958 374 1022 Ecclesiae
409 956 528 1040 Capite,
554 959 694 1021 Romano
718 957 877 1034 Pontifice,
903 957 1099 1040 profitentur.

132 1054 228 1120 Unde
251 1057 347 1138 patet,
371 1075 432 1120 non
456 1073 520 1119 esse
548 1055 735 1120 orthodoxos
768 1055 901 1120 Graecos
934 1057 1100 1121 orientales

126 1153 167 1218 ab
193 1153 331 1218 Ecclesia
354 1153 507 1218 catholica
524 1153 648 1229 divisos,
665 1155 697 1216 et
713 1153 843 1218 Rrxssiae
859 1154 1017 1238 religionis
1034 1156 1100 1219 cnl-

125 1254 225 1328 tores,
249 1252 322 1316 licet
349 1252 596 1316 «orthodoxos»
616 1271 730 1336 magno
744 1251 827 1315 fastu
852 1271 883 1315 sc
900 1251 1057 1333 appellent
1077 1251 1098 1315 ¹.

126 1387 172 1397 -
198 1350 241 1413 Il.
266 1349 341 1414 Pius
363 1349 420 1426 IX,
445 1347 524 1430 Syll.
543 1349 596 1425 54,
620 1349 783 1412 densarunt
797 1351 974 1430 sequentem
991 1367 1100 1434 propo·

126 1448 297 1512 altionem:
319 1471 336 1505 a
353 1447 462 1530 Reges,
481 1447 512 1509 ct
528 1445 678 1528 principes
694 1464 755 1509 non
771 1445 872 1510 solum
889 1446 927 1510 ab
945 1445 1098 1511 Ecclesiae

126 1545 342 1609 iurisdictione
365 1545 552 1620 eximuntur,
581 1562 687 1606 verum
705 1543 800 1607 etiam
817 1543 849 1607 in
865 1543 1100 1625 quaestionibus

127 1641 354 1706 iurisdictionis
378 1639 558 1704 dirimendis
581 1641 752 1721 superiores
776 1641 848 1703 sunt
866 1639 1047 1703 Ecclesia.»

174 1739 252 1802 305.
278 1773 320 1786 -
345 1737 432 1805 Bona
449 1753 491 1804 ox
514 1735 686 1821 hariolans.
712 1773 753 1785 -
778 1737 933 1820 Principes
951 1739 982 1802 et
998 1757 1095 1824 reges,

126 1836 301 1900 Ecclesiam
317 1835 502 1899 catholicam
523 1837 626 1899 sinant
643 1836 690 1899 uti
707 1835 828 1919 legibus
845 1835 919 1911 suis,
937 1854 990 1899 nec
1005 1835 1099 1902 liber-

129 1933 194 1998 tati
219 1933 285 1996 eius
309 1951 496 2014 quemquam
519 1933 704 2014 permittant
733 1932 889 1996 obsistere.
908 1929 1034 1996 Certum
1051 1935 1099 1998 est

126 2031 212 2094 enim
235 2031 293 2093 hoo
315 2030 406 2093 rebus
430 2029 494 2092 suis
518 2048 583 2093 esse
607 2029 753 2104 salutare,
778 2031 824 2103 ut,
848 2048 919 2092 cum
943 2028 1098 2096 decausis
1161 2018 1164 2024 ¹

127 2129 188 2193 Dei
213 2129 328 2213 agitur,
353 2129 440 2192 iuxta
464 2127 562 2210 ipsius
579 2127 785 2192 constitutum
809 2127 928 2212 regiam
953 2127 1098 2192 voluuta-

126 2227 193 2290 tem
218 2226 428 2290 sacerdotibus
452 2224 568 2290 Christi
592 2225 738 2289 studeant
762 2224 900 2298 subdere,
925 2243 983 2288 non
1008 2245 1096 2306 prae-

125 2321 216 2390 ferre.
241 2323 286 2406 (S.
310 2323 406 2400 Eclix,
430 2324 518 2402 epist.
542 2323 587 2385 od
608 2323 764 2387 Zenonem
787 2323 860 2404 imp.
885 2323 994 2386 -Pius
1018 2323 1090 2400 Vll,

126 2421 239 2504 Encyc.
263 2419 333 2484 Din
355 2421 443 2497 sotio,
471 2421 510 2483 17
536 2421 610 2485 mai.
638 2422 748 2503 icoo).

16 2579 17 2584 ,
171 2519 250 2582 306.
274 2555 318 2564 -
335 2517 420 2598 Quae
444 2520 547 2583 omnia
571 2519 695 2601 exponit
712 2517 772 2583 Leo
790 2519 867 2582 Xlll
883 2520 914 2583 in
931 2519 1096 2604 Encyclica

16 2635 18 2640 ·
135 2615 320 2681 inmortale
332 2617 415 2680 Det:
443 2617 592 2681 «Eorum
609 2617 672 2680 vim
688 2617 837 2681 bonorum
861 2617 921 2698 (ait
938 2617 1095 2701 Pontifex)

124 2713 322 2791 mirabiliter,
347 2714 395 2777 uti
418 2714 508 2790 solet,
532 2715 710 2796 persecutus
734 2715 781 2777 est
804 2713 1000 2796 Augustinus
1029 2715 1097 2796 plu-

16 2895 17 2900 ἵ
124 2813 213 2876 ribus
228 2811 312 2889 locis,
329 2813 462 2875 maxime
486 2830 558 2876 vero
581 2812 635 2876 ubi
651 2812 819 2875 Ecclesiam
836 2811 1022 2876 catholicam
1040 2831 1096 2894 ap-

124 2909 225 2990 pellat
249 2909 288 2972 iis
305 2909 422 2973 verbis:
452 2933 469 2967 «
493 2907 541 2972 Tu
564 2909 725 2990 pueriliter
752 2927 872 2991 pueros,
897 2909 1019 2972 fortiter
1045 2909 1095 2971 iu·

16 3057 18 3076 .
128 3032 145 3066 a
162 3025 265 3082 venes,
283 3005 384 3088 quiete
401 3024 496 3083 sones,
513 3007 606 3088 prout
630 3007 777 3087 cuiusque
793 3024 852 3070 non
875 3006 1011 3088 corporis
1028 3008 1097 3068 tan-

127 3107 243 3181 «tum,
268 3103 321 3168 sed
344 3105 375 3168 e't
399 3104 496 3167 animi
519 3106 605 3168 aetas
629 3106 686 3180 est,
711 3123 829 3168 exerces
860 3123 896 3168 ac
925 3103 1021 3168 doces.
1047 3103 1096 3166 Tu

126 3201 293 3265 «feminas
317 3201 390 3265 viris
414 3200 479 3265 suis
503 3219 564 3264 non
580 3199 620 3264 ad
644 3200 823 3282 explendam
846 3199 1017 3276 libidinem,
1042 3199 1095 3264 scd

16 3287 18 3320 ⁵
127 3323 145 3356 a
162 3297 203 3362 ad
231 3299 464 3382 propagandam
479 3298 608 3380 prolem,
626 3299 657 3362 et
674 3298 714 3361 ad
729 3298 773 3361 rei
790 3298 953 3374 ¹familiaris
968 3297 1098 3361 societa-

169 3506 177 3539 ¹
195 3508 371 3564 Orthodonnc
384 3525 432 3562 seu
445 3516 536 3564 rectae
558 3508 700 3576 opinionis
723 3506 860 3574 accipitur
880 3525 929 3575 pro
944 3507 1095 3570 catholico,
1184 3581 1190 3592 ¹

16 3635 18 3664 ,
124 3603 182 3654 ete
201 3601 302 3653 contra
327 3597 530 3652 Hetorodoxus.
547 3595 719 3652 orthodoxia
732 3613 780 3648 seu
793 3602 868 3650 recto
881 3597 977 3664 opinio
992 3595 1097 3663 accipi·

16 3677 18 3768 ζ
124 3692 171 3742 tur
190 3705 242 3756 pro
257 3703 327 3740 sana
340 3702 374 3740 ac
388 3687 529 3741 catholica
549 3685 679 3740 doctrina
703 3683 772 3748 (Cir.
786 3684 883 3749 Macri,
899 3684 1095 3743 Hieroleon'c.)

178 3827 192 3868 7
206 3847 234 3858 -·
248 3825 314 3867 Iuris
330 3825 389 3868 Con.
