<?xml version="1.0" encoding="UTF-8"?>
<!DOCTYPE html PUBLIC "-//W3C//DTD XHTML 1.0 Transitional//EN"
    "http://www.w3.org/TR/xhtml1/DTD/xhtml1-transitional.dtd">
<html xmlns="http://www.w3.org/1999/xhtml" xml:lang="en" lang="en">
 <head>
  <title>
</title>
<meta http-equiv="Content-Type" content="text/html;charset=utf-8" />
  <meta name='ocr-system' content='tesseract 3.04.00' />
  <meta name='ocr-capabilities' content='ocr_page ocr_carea ocr_par ocr_line ocrx_word'/>
</head>
<body>
  <div class='ocr_page' id='page_1' title='image "./compendiumiuris00tutgoog_0182.png"; bbox 0 0 2750 4270; ppageno 0'>
   <div class='ocr_carea' id='block_1_1' title="bbox 288 235 1077 289">
    <p class='ocr_par' dir='ltr' id='par_1_1' title="bbox 288 235 1077 289">
     <span class='ocr_line' id='line_1_1' title="bbox 288 235 1077 289; baseline 0 -1"><span class='ocrx_word' id='word_1_1' title='bbox 288 242 354 288; x_wconf 78' lang='lat' dir='ltr'><strong>CAP.</strong></span> <span class='ocrx_word' id='word_1_2' title='bbox 377 241 420 287; x_wconf 88' lang='lat'><em>111.</em></span> <span class='ocrx_word' id='word_1_3' title='bbox 446 242 484 288; x_wconf 85' lang='lat' dir='ltr'>DE</span> <span class='ocrx_word' id='word_1_4' title='bbox 509 239 719 288; x_wconf 79' lang='lat' dir='ltr'><strong>EPISCOPORUM</strong></span> <span class='ocrx_word' id='word_1_5' title='bbox 743 238 896 286; x_wconf 75' lang='lat' dir='ltr'>suabinus</span> <span class='ocrx_word' id='word_1_6' title='bbox 1027 235 1077 289; x_wconf 80' lang='lat'>173</span> 
     </span>
    </p>
   </div>
   <div class='ocr_carea' id='block_1_2' title="bbox 60 433 1079 2769">
    <p class='ocr_par' dir='ltr' id='par_1_2' title="bbox 102 433 1077 604">
     <span class='ocr_line' id='line_1_2' title="bbox 105 433 1077 521; baseline -0.004 -16"><span class='ocrx_word' id='word_1_7' title='bbox 105 441 202 505; x_wconf 87' lang='lat' dir='ltr'>libere</span> <span class='ocrx_word' id='word_1_8' title='bbox 225 440 351 521; x_wconf 85' lang='lat' dir='ltr'>portare</span> <span class='ocrx_word' id='word_1_9' title='bbox 375 437 513 502; x_wconf 84' lang='lat' dir='ltr'>iaciat...</span> <span class='ocrx_word' id='word_1_10' title='bbox 538 456 626 502; x_wconf 86' lang='lat' dir='ltr'>sacro</span> <span class='ocrx_word' id='word_1_11' title='bbox 650 436 802 520; x_wconf 78' lang='lat' dir='ltr'>probante</span> <span class='ocrx_word' id='word_1_12' title='bbox 826 433 974 510; x_wconf 80' lang='lat' dir='ltr'>Concilio,</span> <span class='ocrx_word' id='word_1_13' title='bbox 991 455 1077 519; x_wconf 84' lang='lat' dir='ltr'>prae-</span> 
     </span>
     <span class='ocr_line' id='line_1_3' title="bbox 102 533 1025 604; baseline -0.011 0"><span class='ocrx_word' id='word_1_14' title='bbox 102 539 204 604; x_wconf 89' lang='lat' dir='ltr'>sentis</span> <span class='ocrx_word' id='word_1_15' title='bbox 228 535 464 601; x_wconf 83' lang='lat' dir='ltr'>Constitutionis</span> <span class='ocrx_word' id='word_1_16' title='bbox 488 537 564 600; x_wconf 88' lang='lat' dir='ltr'>serie</span> <span class='ocrx_word' id='word_1_17' title='bbox 589 535 734 598; x_wconf 84' lang='lat' dir='ltr'>duximus</span> <span class='ocrx_word' id='word_1_18' title='bbox 756 533 991 597; x_wconf 90' lang='lat' dir='ltr'>concedendum.</span> <span class='ocrx_word' id='word_1_19' title='bbox 1008 559 1025 592; x_wconf 81' lang='lat'><strong>»</strong></span> 
     </span>
    </p>

    <p class='ocr_par' dir='ltr' id='par_1_3' title="bbox 60 631 1078 1891">
     <span class='ocr_line' id='line_1_4' title="bbox 149 631 1072 712; baseline -0.007 -12"><span class='ocrx_word' id='word_1_20' title='bbox 149 635 229 700; x_wconf 87' lang='grc'><strong>497.</strong></span> <span class='ocrx_word' id='word_1_21' title='bbox 255 672 297 681; x_wconf 91' lang='grc'>-</span> <span class='ocrx_word' id='word_1_22' title='bbox 322 635 452 700; x_wconf 75' lang='lat' dir='ltr'>calliam</span> <span class='ocrx_word' id='word_1_23' title='bbox 477 639 523 697; x_wconf 80' lang='lat' dir='ltr'>est</span> <span class='ocrx_word' id='word_1_24' title='bbox 545 632 645 712; x_wconf 82' lang='lat' dir='ltr'>fascia</span> <span class='ocrx_word' id='word_1_25' title='bbox 662 631 754 696; x_wconf 73' lang='lat' dir='ltr'>banea</span> <span class='ocrx_word' id='word_1_26' title='bbox 769 631 914 706; x_wconf 72' lang='lat' dir='ltr'>condedo,</span> <span class='ocrx_word' id='word_1_27' title='bbox 938 636 1000 696; x_wconf 84' lang='lat' dir='ltr'>tres</span> <span class='ocrx_word' id='word_1_28' title='bbox 1016 635 1072 696; x_wconf 85' lang='lat' dir='ltr'>cir·</span> 
     </span>
     <span class='ocr_line' id='line_1_5' title="bbox 103 729 1076 814; baseline -0.005 -14"><span class='ocrx_word' id='word_1_29' title='bbox 103 736 184 800; x_wconf 78' lang='lat' dir='ltr'>citer</span> <span class='ocrx_word' id='word_1_30' title='bbox 206 733 322 814; x_wconf 78' lang='lat' dir='ltr'>dipitos</span> <span class='ocrx_word' id='word_1_31' title='bbox 346 732 421 809; x_wconf 76' lang='lat' dir='ltr'>boto,</span> <span class='ocrx_word' id='word_1_32' title='bbox 453 733 488 794; x_wconf 79' lang='lat' dir='ltr'>ia</span> <span class='ocrx_word' id='word_1_33' title='bbox 520 731 644 794; x_wconf 84' lang='lat' dir='ltr'>modom</span> <span class='ocrx_word' id='word_1_34' title='bbox 673 729 785 794; x_wconf 82' lang='lat' dir='ltr'>circuli</span> <span class='ocrx_word' id='word_1_35' title='bbox 812 733 964 806; x_wconf 68' lang='lat' dir='ltr'>contextu,</span> <span class='ocrx_word' id='word_1_36' title='bbox 996 751 1076 810; x_wconf 83' lang='lat' dir='ltr'>quoe</span> 
     </span>
     <span class='ocr_line' id='line_1_6' title="bbox 105 827 1077 911; baseline -0.002 -15"><span class='ocrx_word' id='word_1_37' title='bbox 105 832 252 896; x_wconf 71' lang='lat' dir='ltr'>dunceres</span> <span class='ocrx_word' id='word_1_38' title='bbox 275 831 382 911; x_wconf 82' lang='lat' dir='ltr'>cinpii,</span> <span class='ocrx_word' id='word_1_39' title='bbox 407 834 436 893; x_wconf 81' lang='lat' dir='ltr'>el</span> <span class='ocrx_word' id='word_1_40' title='bbox 459 828 551 892; x_wconf 74' lang='lat' dir='ltr'>loobet</span> <span class='ocrx_word' id='word_1_41' title='bbox 572 827 653 892; x_wconf 80' lang='lat' dir='ltr'>duos</span> <span class='ocrx_word' id='word_1_42' title='bbox 686 827 786 892; x_wconf 80' lang='lat' dir='ltr'>lineos</span> <span class='ocrx_word' id='word_1_43' title='bbox 815 831 890 891; x_wconf 81' lang='lat' dir='ltr'>anie</span> <span class='ocrx_word' id='word_1_44' title='bbox 916 833 1077 908; x_wconf 69' lang='lat' dir='ltr'>peccaset</span> 
     </span>
     <span class='ocr_line' id='line_1_7' title="bbox 103 925 1076 1007; baseline -0.002 -15"><span class='ocrx_word' id='word_1_45' title='bbox 103 932 196 993; x_wconf 78' lang='lat' dir='ltr'>intra</span> <span class='ocrx_word' id='word_1_46' title='bbox 221 927 363 990; x_wconf 79' lang='lat' dir='ltr'>humeros</span> <span class='ocrx_word' id='word_1_47' title='bbox 386 925 597 1006; x_wconf 79' lang='lat' dir='ltr'><strong><em>impendentes</em></strong></span> <span class='ocrx_word' id='word_1_48' title='bbox 619 945 689 988; x_wconf 84' lang='lat' dir='ltr'>cum</span> <span class='ocrx_word' id='word_1_49' title='bbox 711 945 767 988; x_wconf 76' lang='lat' dir='ltr'>aec</span> <span class='ocrx_word' id='word_1_50' title='bbox 789 926 898 989; x_wconf 79' lang='lat' dir='ltr'>sericis</span> <span class='ocrx_word' id='word_1_51' title='bbox 913 927 1076 1007; x_wconf 82' lang='lat' dir='ltr'>niprisque</span> 
     </span>
     <span class='ocr_line' id='line_1_8' title="bbox 102 1023 1071 1112; baseline 0 -22"><span class='ocrx_word' id='word_1_52' title='bbox 102 1025 252 1090; x_wconf 78' lang='lat' dir='ltr'>crucibus</span> <span class='ocrx_word' id='word_1_53' title='bbox 276 1026 423 1088; x_wconf 78' lang='lat' dir='ltr'>intectis:</span> <span class='ocrx_word' id='word_1_54' title='bbox 447 1061 490 1070; x_wconf 98' lang='lat'>-</span> <span class='ocrx_word' id='word_1_55' title='bbox 517 1023 542 1086; x_wconf 95' lang='grc' dir='ltr'>Ι.</span> <span class='ocrx_word' id='word_1_56' title='bbox 566 1024 624 1088; x_wconf 88' lang='lat' dir='ltr'>Die</span> <span class='ocrx_word' id='word_1_57' title='bbox 648 1023 678 1087; x_wconf 85' lang='lat' dir='ltr'>S.</span> <span class='ocrx_word' id='word_1_58' title='bbox 702 1023 832 1108; x_wconf 81' lang='lat' dir='ltr'>Agnetis</span> <span class='ocrx_word' id='word_1_59' title='bbox 856 1023 994 1108; x_wconf 84' lang='lat' dir='ltr'>Virginis</span> <span class='ocrx_word' id='word_1_60' title='bbox 1018 1025 1071 1112; x_wconf 87' lang='lat'>(21</span> 
     </span>
     <span class='ocr_line' id='line_1_9' title="bbox 104 1121 1077 1207; baseline 0 -19"><span class='ocrx_word' id='word_1_61' title='bbox 104 1125 189 1207; x_wconf 89' lang='lat' dir='ltr'>lan.)</span> <span class='ocrx_word' id='word_1_62' title='bbox 220 1123 252 1186; x_wconf 93' lang='lat' dir='ltr'>in</span> <span class='ocrx_word' id='word_1_63' title='bbox 282 1121 419 1186; x_wconf 87' lang='lat' dir='ltr'>eiusdem</span> <span class='ocrx_word' id='word_1_64' title='bbox 452 1121 583 1204; x_wconf 82' lang='lat' dir='ltr'>Agnetis</span> <span class='ocrx_word' id='word_1_65' title='bbox 607 1121 725 1203; x_wconf 84' lang='lat' dir='ltr'>templo</span> <span class='ocrx_word' id='word_1_66' title='bbox 750 1122 780 1184; x_wconf 91' lang='lat' dir='ltr'>in</span> <span class='ocrx_word' id='word_1_67' title='bbox 806 1122 856 1186; x_wconf 87' lang='lat' dir='ltr'>via</span> <span class='ocrx_word' id='word_1_68' title='bbox 879 1121 1077 1188; x_wconf 84' lang='lat' dir='ltr'>Nomentana</span> 
     </span>
     <span class='ocr_line' id='line_1_10' title="bbox 103 1218 1075 1305; baseline -0.002 -18"><span class='ocrx_word' id='word_1_69' title='bbox 103 1221 242 1305; x_wconf 83' lang='lat' dir='ltr'>singulis</span> <span class='ocrx_word' id='word_1_70' title='bbox 265 1220 353 1284; x_wconf 86' lang='lat' dir='ltr'>annis</span> <span class='ocrx_word' id='word_1_71' title='bbox 376 1219 438 1283; x_wconf 89' lang='lat' dir='ltr'>duo</span> <span class='ocrx_word' id='word_1_72' title='bbox 461 1218 583 1284; x_wconf 85' lang='lat' dir='ltr'>candidi</span> <span class='ocrx_word' id='word_1_73' title='bbox 607 1218 680 1303; x_wconf 88' lang='lat' dir='ltr'>agni</span> <span class='ocrx_word' id='word_1_74' title='bbox 705 1219 806 1282; x_wconf 83' lang='lat' dir='ltr'>offerri</span> <span class='ocrx_word' id='word_1_75' title='bbox 822 1237 857 1282; x_wconf 86' lang='lat' dir='ltr'>ac</span> <span class='ocrx_word' id='word_1_76' title='bbox 872 1219 1010 1284; x_wconf 78' lang='lat' dir='ltr'>benedici</span> <span class='ocrx_word' id='word_1_77' title='bbox 1026 1239 1075 1286; x_wconf 93' lang='lat' dir='ltr'>so-</span> 
     </span>
     <span class='ocr_line' id='line_1_11' title="bbox 60 1314 1076 1400; baseline 0 -18"><span class='ocrx_word' id='word_1_78' title='bbox 60 1364 63 1371; x_wconf 90' lang='grc'>-</span> <span class='ocrx_word' id='word_1_79' title='bbox 103 1321 183 1392; x_wconf 89' lang='lat' dir='ltr'>lant,</span> <span class='ocrx_word' id='word_1_80' title='bbox 201 1337 272 1381; x_wconf 90' lang='lat' dir='ltr'>cum</span> <span class='ocrx_word' id='word_1_81' title='bbox 289 1317 319 1380; x_wconf 94' lang='lat' dir='ltr'>in</span> <span class='ocrx_word' id='word_1_82' title='bbox 336 1315 433 1380; x_wconf 82' lang='lat' dir='ltr'>Missa</span> <span class='ocrx_word' id='word_1_83' title='bbox 449 1315 634 1397; x_wconf 89' lang='lat' dir='ltr'>imploratur</span> <span class='ocrx_word' id='word_1_84' title='bbox 650 1314 760 1398; x_wconf 84' lang='lat' dir='ltr'>Agnus</span> <span class='ocrx_word' id='word_1_85' title='bbox 783 1315 851 1392; x_wconf 92' lang='lat' dir='ltr'>Dei,</span> <span class='ocrx_word' id='word_1_86' title='bbox 875 1316 1076 1400; x_wconf 77' lang='lat' dir='ltr'>deincepsque</span> 
     </span>
     <span class='ocr_line' id='line_1_12' title="bbox 102 1412 1075 1501; baseline -0.001 -20"><span class='ocrx_word' id='word_1_87' title='bbox 102 1415 299 1501; x_wconf 84' lang='lat' dir='ltr'>Apostolicis</span> <span class='ocrx_word' id='word_1_88' title='bbox 329 1413 531 1478; x_wconf 84' lang='lat' dir='ltr'>Subdieconis</span> <span class='ocrx_word' id='word_1_89' title='bbox 563 1412 740 1488; x_wconf 85' lang='lat' dir='ltr'>traduntur,</span> <span class='ocrx_word' id='word_1_90' title='bbox 774 1414 868 1494; x_wconf 83' lang='lat' dir='ltr'>atque</span> <span class='ocrx_word' id='word_1_91' title='bbox 903 1415 934 1477; x_wconf 91' lang='lat' dir='ltr'>in</span> <span class='ocrx_word' id='word_1_92' title='bbox 969 1415 1075 1496; x_wconf 85' lang='lat' dir='ltr'>aliquo</span> 
     </span>
     <span class='ocr_line' id='line_1_13' title="bbox 103 1509 1077 1588; baseline -0.002 -8"><span class='ocrx_word' id='word_1_93' title='bbox 103 1513 400 1580; x_wconf 85' lang='lat' dir='ltr'>Sanctimonialium</span> <span class='ocrx_word' id='word_1_94' title='bbox 418 1511 605 1576; x_wconf 85' lang='lat' dir='ltr'>monasterio</span> <span class='ocrx_word' id='word_1_95' title='bbox 618 1509 811 1588; x_wconf 90' lang='lat' dir='ltr'>nutriuntur,</span> <span class='ocrx_word' id='word_1_96' title='bbox 825 1511 920 1576; x_wconf 92' lang='lat' dir='ltr'>donec</span> <span class='ocrx_word' id='word_1_97' title='bbox 932 1531 988 1577; x_wconf 93' lang='lat' dir='ltr'>suo</span> <span class='ocrx_word' id='word_1_98' title='bbox 1001 1515 1077 1578; x_wconf 90' lang='lat' dir='ltr'>tem·</span> 
     </span>
     <span class='ocr_line' id='line_1_14' title="bbox 102 1609 1076 1695; baseline -0.001 -18"><span class='ocrx_word' id='word_1_99' title='bbox 102 1631 180 1695; x_wconf 88' lang='lat' dir='ltr'>pore</span> <span class='ocrx_word' id='word_1_100' title='bbox 206 1609 404 1674; x_wconf 81' lang='lat' dir='ltr'>tondeantur.</span> <span class='ocrx_word' id='word_1_101' title='bbox 439 1609 484 1672; x_wconf 84' lang='lat' dir='ltr'>llr</span> <span class='ocrx_word' id='word_1_102' title='bbox 514 1627 550 1672; x_wconf 89' lang='lat' dir='ltr'>ea</span> <span class='ocrx_word' id='word_1_103' title='bbox 574 1627 646 1672; x_wconf 87' lang='lat' dir='ltr'>vero</span> <span class='ocrx_word' id='word_1_104' title='bbox 669 1609 741 1672; x_wconf 85' lang='lat' dir='ltr'>lans</span> <span class='ocrx_word' id='word_1_105' title='bbox 765 1610 916 1692; x_wconf 82' lang='lat' dir='ltr'>permixta</span> <span class='ocrx_word' id='word_1_106' title='bbox 940 1611 1076 1693; x_wconf 83' lang='lat' dir='ltr'>reliquae</span> 
     </span>
     <span class='ocr_line' id='line_1_15' title="bbox 103 1705 1078 1789; baseline 0 -15"><span class='ocrx_word' id='word_1_107' title='bbox 103 1713 199 1776; x_wconf 82' lang='lat' dir='ltr'>lanae</span> <span class='ocrx_word' id='word_1_108' title='bbox 215 1729 287 1772; x_wconf 90' lang='lat' dir='ltr'>cum</span> <span class='ocrx_word' id='word_1_109' title='bbox 303 1709 335 1772; x_wconf 93' lang='lat' dir='ltr'>in</span> <span class='ocrx_word' id='word_1_110' title='bbox 350 1708 439 1772; x_wconf 89' lang='lat' dir='ltr'>iilum</span> <span class='ocrx_word' id='word_1_111' title='bbox 466 1707 598 1771; x_wconf 84' lang='lat' dir='ltr'>deducta</span> <span class='ocrx_word' id='word_1_112' title='bbox 627 1705 730 1783; x_wconf 78' lang='lat' dir='ltr'>buerit,</span> <span class='ocrx_word' id='word_1_113' title='bbox 755 1708 851 1789; x_wconf 86' lang='lat' dir='ltr'>pallia</span> <span class='ocrx_word' id='word_1_114' title='bbox 874 1709 1078 1774; x_wconf 87' lang='lat' dir='ltr'>coniiciuntur</span> 
     </span>
     <span class='ocr_line' id='line_1_16' title="bbox 105 1807 265 1891; baseline -0.031 -18"><span class='ocrx_word' id='word_1_115' title='bbox 105 1807 265 1891; x_wconf 80' lang='lat' dir='ltr'>(Devoti).</span> 
     </span>
    </p>

    <p class='ocr_par' dir='ltr' id='par_1_4' title="bbox 104 1901 1077 2280">
     <span class='ocr_line' id='line_1_17' title="bbox 150 1901 1077 1978; baseline 0 -10"><span class='ocrx_word' id='word_1_116' title='bbox 150 1905 232 1969; x_wconf 79' lang='lat'>498.</span> <span class='ocrx_word' id='word_1_117' title='bbox 258 1940 299 1949; x_wconf 89' lang='lat'>—</span> <span class='ocrx_word' id='word_1_118' title='bbox 317 1903 358 1966; x_wconf 87' lang='lat' dir='ltr'>ll.&#39;</span> <span class='ocrx_word' id='word_1_119' title='bbox 374 1902 510 1967; x_wconf 85' lang='lat' dir='ltr'>Pallinm</span> <span class='ocrx_word' id='word_1_120' title='bbox 526 1902 662 1966; x_wconf 85' lang='lat' dir='ltr'>sumitur</span> <span class='ocrx_word' id='word_1_121' title='bbox 678 1920 713 1965; x_wconf 85' lang='lat' dir='ltr'>ex</span> <span class='ocrx_word' id='word_1_122' title='bbox 729 1901 834 1978; x_wconf 80' lang='lat' dir='ltr'>altari,</span> <span class='ocrx_word' id='word_1_123' title='bbox 852 1903 905 1967; x_wconf 93' lang='lat' dir='ltr'>ubi</span> <span class='ocrx_word' id='word_1_124' title='bbox 917 1903 1077 1968; x_wconf 90' lang='lat' dir='ltr'>conditum</span> 
     </span>
     <span class='ocr_line' id='line_1_18' title="bbox 105 1999 1076 2082; baseline -0.003 -13"><span class='ocrx_word' id='word_1_125' title='bbox 105 2007 153 2069; x_wconf 88' lang='lat' dir='ltr'>ost</span> <span class='ocrx_word' id='word_1_126' title='bbox 178 2003 217 2066; x_wconf 89' lang='lat' dir='ltr'>B.</span> <span class='ocrx_word' id='word_1_127' title='bbox 243 2001 330 2064; x_wconf 90' lang='lat' dir='ltr'>Petri</span> <span class='ocrx_word' id='word_1_128' title='bbox 352 2019 473 2082; x_wconf 88' lang='lat' dir='ltr'>corpus,</span> <span class='ocrx_word' id='word_1_129' title='bbox 498 1999 611 2065; x_wconf 89' lang='lat' dir='ltr'>idcirco</span> <span class='ocrx_word' id='word_1_130' title='bbox 635 2020 673 2063; x_wconf 78' lang='lat' dir='ltr'>es</span> <span class='ocrx_word' id='word_1_131' title='bbox 697 1999 800 2063; x_wconf 85' lang='lat' dir='ltr'>eodem</span> <span class='ocrx_word' id='word_1_132' title='bbox 824 1999 920 2064; x_wconf 83' lang='lat' dir='ltr'>Petri</span> <span class='ocrx_word' id='word_1_133' title='bbox 941 2022 1076 2082; x_wconf 81' lang='lat' dir='ltr'>corpore,</span> 
     </span>
     <span class='ocr_line' id='line_1_19' title="bbox 104 2098 1076 2181; baseline 0.002 -19"><span class='ocrx_word' id='word_1_134' title='bbox 104 2106 268 2181; x_wconf 80' lang='lat' dir='ltr'>sumptum</span> <span class='ocrx_word' id='word_1_135' title='bbox 290 2099 414 2175; x_wconf 80' lang='lat' dir='ltr'>dicitur,</span> <span class='ocrx_word' id='word_1_136' title='bbox 430 2118 467 2162; x_wconf 87' lang='lat' dir='ltr'>ac</span> <span class='ocrx_word' id='word_1_137' title='bbox 484 2119 536 2181; x_wconf 90' lang='lat' dir='ltr'>per</span> <span class='ocrx_word' id='word_1_138' title='bbox 557 2098 659 2181; x_wconf 90' lang='lat' dir='ltr'>ipsum</span> <span class='ocrx_word' id='word_1_139' title='bbox 683 2099 801 2180; x_wconf 89' lang='lat' dir='ltr'>plenior</span> <span class='ocrx_word' id='word_1_140' title='bbox 825 2099 1076 2164; x_wconf 88' lang='lat' dir='ltr'>Patriarcbarum</span> 
     </span>
     <span class='ocr_line' id='line_1_20' title="bbox 105 2195 906 2280; baseline -0.005 -16"><span class='ocrx_word' id='word_1_141' title='bbox 105 2201 137 2264; x_wconf 88' lang='lat' dir='ltr'>ot</span> <span class='ocrx_word' id='word_1_142' title='bbox 160 2197 438 2279; x_wconf 81' lang='lat' dir='ltr'>Metropolitanum</span> <span class='ocrx_word' id='word_1_143' title='bbox 460 2198 598 2279; x_wconf 86' lang='lat' dir='ltr'>potestas</span> <span class='ocrx_word' id='word_1_144' title='bbox 622 2195 803 2279; x_wconf 86' lang='lat' dir='ltr'>designatur</span> <span class='ocrx_word' id='word_1_145' title='bbox 826 2197 906 2280; x_wconf 85' lang='lat' dir='ltr'>(id).</span> 
     </span>
    </p>

    <p class='ocr_par' dir='ltr' id='par_1_5' title="bbox 104 2293 1079 2769">
     <span class='ocr_line' id='line_1_21' title="bbox 150 2293 1078 2376; baseline 0 -16"><span class='ocrx_word' id='word_1_146' title='bbox 150 2297 233 2360; x_wconf 89' lang='grc'><strong>499.</strong></span> <span class='ocrx_word' id='word_1_147' title='bbox 259 2331 302 2340; x_wconf 91' lang='lat'>-</span> <span class='ocrx_word' id='word_1_148' title='bbox 327 2295 420 2376; x_wconf 78' lang='lat' dir='ltr'>oripo</span> <span class='ocrx_word' id='word_1_149' title='bbox 446 2295 548 2360; x_wconf 85' lang='lat' dir='ltr'>Pallii.</span> <span class='ocrx_word' id='word_1_150' title='bbox 569 2331 614 2340; x_wconf 87' lang='lat'><em>-</em></span> <span class='ocrx_word' id='word_1_151' title='bbox 630 2293 655 2356; x_wconf 92' lang='lat' dir='ltr'>l.</span> <span class='ocrx_word' id='word_1_152' title='bbox 672 2293 767 2376; x_wconf 86' lang='lat' dir='ltr'>Origo</span> <span class='ocrx_word' id='word_1_153' title='bbox 783 2294 909 2359; x_wconf 85' lang='lat' dir='ltr'>Palilia</span> <span class='ocrx_word' id='word_1_154' title='bbox 926 2295 1078 2360; x_wconf 84' lang='lat' dir='ltr'>divisione</span> 
     </span>
     <span class='ocr_line' id='line_1_22' title="bbox 105 2391 1078 2476; baseline -0.001 -17"><span class='ocrx_word' id='word_1_155' title='bbox 105 2393 390 2460; x_wconf 85' lang='lat' dir='ltr'>ecclesiasticarum</span> <span class='ocrx_word' id='word_1_156' title='bbox 423 2393 650 2475; x_wconf 84' lang='lat' dir='ltr'>provinciarum</span> <span class='ocrx_word' id='word_1_157' title='bbox 686 2391 811 2456; x_wconf 82' lang='lat' dir='ltr'>videtur</span> <span class='ocrx_word' id='word_1_158' title='bbox 845 2395 1019 2476; x_wconf 88' lang='lat' dir='ltr'>repetenda,</span> <span class='ocrx_word' id='word_1_159' title='bbox 1043 2413 1078 2458; x_wconf 88' lang='lat' dir='ltr'>eo</span> 
     </span>
     <span class='ocr_line' id='line_1_23' title="bbox 106 2488 1078 2576; baseline 0.001 -19"><span class='ocrx_word' id='word_1_160' title='bbox 106 2491 294 2576; x_wconf 86' lang='lat' dir='ltr'>praesertim</span> <span class='ocrx_word' id='word_1_161' title='bbox 318 2492 466 2572; x_wconf 86' lang='lat' dir='ltr'>tempore,</span> <span class='ocrx_word' id='word_1_162' title='bbox 491 2508 551 2571; x_wconf 93' lang='lat' dir='ltr'>quo</span> <span class='ocrx_word' id='word_1_163' title='bbox 575 2488 756 2554; x_wconf 79' lang='lat' dir='ltr'>Sacerdotes</span> <span class='ocrx_word' id='word_1_164' title='bbox 783 2490 973 2564; x_wconf 83' lang='lat' dir='ltr'>aDiaoonis,</span> <span class='ocrx_word' id='word_1_165' title='bbox 992 2511 1010 2556; x_wconf 89' lang='lat' dir='ltr'>a</span> <span class='ocrx_word' id='word_1_166' title='bbox 1027 2491 1078 2558; x_wconf 87' lang='lat' dir='ltr'>Sa·</span> 
     </span>
     <span class='ocr_line' id='line_1_24' title="bbox 104 2588 1079 2672; baseline 0 -18"><span class='ocrx_word' id='word_1_167' title='bbox 104 2589 289 2656; x_wconf 84' lang='lat' dir='ltr'>cerdotibus</span> <span class='ocrx_word' id='word_1_168' title='bbox 304 2588 457 2669; x_wconf 79' lang='lat' dir='ltr'>Episcopi,</span> <span class='ocrx_word' id='word_1_169' title='bbox 474 2589 568 2669; x_wconf 86' lang='lat' dir='ltr'>atque</span> <span class='ocrx_word' id='word_1_170' title='bbox 584 2588 665 2652; x_wconf 91' lang='lat' dir='ltr'>inter</span> <span class='ocrx_word' id='word_1_171' title='bbox 680 2606 732 2652; x_wconf 89' lang='lat' dir='ltr'>eos</span> <span class='ocrx_word' id='word_1_172' title='bbox 748 2589 801 2670; x_wconf 94' lang='lat' dir='ltr'>qui</span> <span class='ocrx_word' id='word_1_173' title='bbox 817 2589 985 2672; x_wconf 89' lang='lat' dir='ltr'>principem</span> <span class='ocrx_word' id='word_1_174' title='bbox 1002 2591 1079 2655; x_wconf 87' lang='lat' dir='ltr'>obti-</span> 
     </span>
     <span class='ocr_line' id='line_1_25' title="bbox 105 2685 1076 2769; baseline 0 -16"><span class='ocrx_word' id='word_1_175' title='bbox 105 2688 227 2753; x_wconf 87' lang='lat' dir='ltr'>nebant</span> <span class='ocrx_word' id='word_1_176' title='bbox 243 2686 346 2750; x_wconf 92' lang='lat' dir='ltr'>locum</span> <span class='ocrx_word' id='word_1_177' title='bbox 363 2686 500 2750; x_wconf 85' lang='lat' dir='ltr'>vestibus</span> <span class='ocrx_word' id='word_1_178' title='bbox 516 2685 667 2769; x_wconf 89' lang='lat' dir='ltr'>distingui</span> <span class='ocrx_word' id='word_1_179' title='bbox 682 2689 857 2768; x_wconf 86' lang='lat' dir='ltr'>coeperunt.</span> <span class='ocrx_word' id='word_1_180' title='bbox 874 2688 980 2769; x_wconf 91' lang='lat' dir='ltr'>Neque</span> <span class='ocrx_word' id='word_1_181' title='bbox 996 2689 1076 2753; x_wconf 91' lang='lat' dir='ltr'>enim</span> 
     </span>
    </p>
   </div>
   <div class='ocr_carea' id='block_1_3' title="bbox 1 2783 1081 3162">
    <p class='ocr_par' dir='ltr' id='par_1_6' title="bbox 1 2783 1081 3162">
     <span class='ocr_line' id='line_1_26' title="bbox 1 2783 1077 2865; baseline -0.002 -13"><span class='ocrx_word' id='word_1_182' title='bbox 1 2855 2 2858; x_wconf 63' lang='grc'>,</span> <span class='ocrx_word' id='word_1_183' title='bbox 105 2785 208 2860; x_wconf 85' lang='lat' dir='ltr'>aliud,</span> <span class='ocrx_word' id='word_1_184' title='bbox 245 2785 368 2865; x_wconf 85' lang='lat' dir='ltr'>praeter</span> <span class='ocrx_word' id='word_1_185' title='bbox 401 2783 542 2865; x_wconf 84' lang='lat' dir='ltr'>pallium,</span> <span class='ocrx_word' id='word_1_186' title='bbox 579 2783 702 2848; x_wconf 87' lang='lat' dir='ltr'>videtur</span> <span class='ocrx_word' id='word_1_187' title='bbox 724 2803 881 2848; x_wconf 87' lang='lat' dir='ltr'>occurrere</span> <span class='ocrx_word' id='word_1_188' title='bbox 905 2787 1077 2850; x_wconf 83' lang='lat' dir='ltr'>ornamenti</span> 
     </span>
     <span class='ocr_line' id='line_1_27' title="bbox 1 2881 1078 2970; baseline -0.003 -21"><span class='ocrx_word' id='word_1_189' title='bbox 1 2951 2 2954; x_wconf 67' lang='grc'>,</span> <span class='ocrx_word' id='word_1_190' title='bbox 106 2903 220 2970; x_wconf 88' lang='lat' dir='ltr'>genus,</span> <span class='ocrx_word' id='word_1_191' title='bbox 239 2899 299 2963; x_wconf 93' lang='lat' dir='ltr'>quo</span> <span class='ocrx_word' id='word_1_192' title='bbox 324 2881 464 2964; x_wconf 81' lang='lat' dir='ltr'>Episcopi</span> <span class='ocrx_word' id='word_1_193' title='bbox 479 2881 561 2946; x_wconf 87' lang='lat' dir='ltr'>inter</span> <span class='ocrx_word' id='word_1_194' title='bbox 577 2900 608 2945; x_wconf 87' lang='lat' dir='ltr'>se</span> <span class='ocrx_word' id='word_1_195' title='bbox 624 2881 838 2946; x_wconf 84' lang='lat' dir='ltr'>discernentur</span> <span class='ocrx_word' id='word_1_196' title='bbox 866 2883 1018 2966; x_wconf 81' lang='lat' dir='ltr'>(Devoti).</span> <span class='ocrx_word' id='word_1_197' title='bbox 1035 2919 1078 2930; x_wconf 90' lang='lat'>-</span> 
     </span>
     <span class='ocr_line' id='line_1_28' title="bbox 1 2975 1081 3062; baseline 0.001 -18"><span class='ocrx_word' id='word_1_198' title='bbox 1 2975 2 2978; x_wconf 62' lang='grc'>’</span> <span class='ocrx_word' id='word_1_199' title='bbox 107 2982 149 3046; x_wconf 90' lang='grc' dir='ltr'>ΙΙ.</span> <span class='ocrx_word' id='word_1_200' title='bbox 180 2981 230 3044; x_wconf 92' lang='lat' dir='ltr'>De</span> <span class='ocrx_word' id='word_1_201' title='bbox 254 2979 371 3062; x_wconf 89' lang='lat' dir='ltr'>origine</span> <span class='ocrx_word' id='word_1_202' title='bbox 402 2997 558 3044; x_wconf 88' lang='lat' dir='ltr'>sacrorum</span> <span class='ocrx_word' id='word_1_203' title='bbox 589 2979 754 3061; x_wconf 84' lang='lat' dir='ltr'>palliorum</span> <span class='ocrx_word' id='word_1_204' title='bbox 786 2980 887 3044; x_wconf 85' lang='lat' dir='ltr'>multa</span> <span class='ocrx_word' id='word_1_205' title='bbox 916 2981 1017 3062; x_wconf 87' lang='lat' dir='ltr'>inepte</span> <span class='ocrx_word' id='word_1_206' title='bbox 1048 2983 1081 3045; x_wconf 83' lang='lat' dir='ltr'>et</span> 
     </span>
     <span class='ocr_line' id='line_1_29' title="bbox 1 3075 1080 3162; baseline 0 -20"><span class='ocrx_word' id='word_1_207' title='bbox 1 3147 2 3152; x_wconf 52' lang='grc'>,</span> <span class='ocrx_word' id='word_1_208' title='bbox 107 3077 241 3162; x_wconf 87' lang='lat' dir='ltr'>profane</span> <span class='ocrx_word' id='word_1_209' title='bbox 264 3077 402 3140; x_wconf 91' lang='lat' dir='ltr'>nonnulli</span> <span class='ocrx_word' id='word_1_210' title='bbox 426 3077 591 3140; x_wconf 89' lang='lat' dir='ltr'>commenti</span> <span class='ocrx_word' id='word_1_211' title='bbox 614 3077 697 3152; x_wconf 89' lang='lat' dir='ltr'>sunt,</span> <span class='ocrx_word' id='word_1_212' title='bbox 719 3095 754 3140; x_wconf 85' lang='lat' dir='ltr'>er</span> <span class='ocrx_word' id='word_1_213' title='bbox 770 3075 838 3140; x_wconf 89' lang='lat' dir='ltr'>solo</span> <span class='ocrx_word' id='word_1_214' title='bbox 854 3078 941 3158; x_wconf 87' lang='lat' dir='ltr'>pallii</span> <span class='ocrx_word' id='word_1_215' title='bbox 957 3078 1080 3142; x_wconf 91' lang='lat' dir='ltr'>nomine</span> 
     </span>
    </p>
   </div>
   <div class='ocr_carea' id='block_1_4' title="bbox 106 3175 1081 3355">
    <p class='ocr_par' dir='ltr' id='par_1_7' title="bbox 1 3165 1081 3355">
     <span class='ocr_line' id='line_1_30' title="bbox 106 3175 1081 3258; baseline -0.001 -17.097"><span class='ocrx_word' id='word_1_216' title='bbox 106 3176 331 3250; x_wconf 86' lang='lat' dir='ltr'>coniectantes,</span> <span class='ocrx_word' id='word_1_217' title='bbox 349 3175 430 3256; x_wconf 90' lang='lat' dir='ltr'>quod</span> <span class='ocrx_word' id='word_1_218' title='bbox 442 3175 537 3239; x_wconf 85' lang='lat' dir='ltr'>fuerit</span> <span class='ocrx_word' id='word_1_219' title='bbox 553 3177 769 3239; x_wconf 86' lang='lat' dir='ltr'>ornamentum</span> <span class='ocrx_word' id='word_1_220' title='bbox 786 3175 826 3238; x_wconf 89' lang='lat' dir='ltr'>ab</span> <span class='ocrx_word' id='word_1_221' title='bbox 842 3175 1081 3258; x_wconf 86' lang='lat' dir='ltr'>imperatoribus</span> 
     </span>
     <span class='ocr_line' id='line_1_31' title="bbox 106 3272 1080 3355; baseline -0.004 -15"><span class='ocrx_word' id='word_1_222' title='bbox 106 3291 303 3349; x_wconf 86' lang='lat' dir='ltr'>concessum,</span> <span class='ocrx_word' id='word_1_223' title='bbox 338 3273 369 3337; x_wconf 89' lang='lat' dir='ltr'>et</span> <span class='ocrx_word' id='word_1_224' title='bbox 403 3273 552 3355; x_wconf 89' lang='lat' dir='ltr'>principio</span> <span class='ocrx_word' id='word_1_225' title='bbox 587 3291 685 3355; x_wconf 92' lang='lat' dir='ltr'>usque</span> <span class='ocrx_word' id='word_1_226' title='bbox 719 3272 758 3336; x_wconf 83' lang='lat' dir='ltr'>sd</span> <span class='ocrx_word' id='word_1_227' title='bbox 782 3273 864 3337; x_wconf 85' lang='lat' dir='ltr'>talos</span> <span class='ocrx_word' id='word_1_228' title='bbox 890 3273 1080 3355; x_wconf 85' lang='lat' dir='ltr'>profluxerit.</span> 
     </span>
    </p>
   </div>
   <div class='ocr_carea' id='block_1_5' title="bbox 1 3355 1103 3650">
    <p class='ocr_par' dir='ltr' id='par_1_8' title="bbox 1 3355 1103 3650">
     <span class='ocr_line' id='line_1_32' title="bbox 1 3355 1081 3455; baseline -0.001 -18"><span class='ocrx_word' id='word_1_229' title='bbox 1 3355 2 3418; x_wconf 70' lang='grc' dir='ltr'>Ῑ</span> <span class='ocrx_word' id='word_1_230' title='bbox 107 3373 253 3452; x_wconf 83' lang='lat' dir='ltr'>Antiqua</span> <span class='ocrx_word' id='word_1_231' title='bbox 277 3371 308 3434; x_wconf 91' lang='lat' dir='ltr'>et</span> <span class='ocrx_word' id='word_1_232' title='bbox 331 3370 538 3435; x_wconf 86' lang='lat' dir='ltr'>ecclesiastiea</span> <span class='ocrx_word' id='word_1_233' title='bbox 562 3371 609 3434; x_wconf 88' lang='lat' dir='ltr'>est</span> <span class='ocrx_word' id='word_1_234' title='bbox 632 3369 718 3434; x_wconf 85' lang='lat' dir='ltr'>illius</span> <span class='ocrx_word' id='word_1_235' title='bbox 735 3370 831 3455; x_wconf 88' lang='lat' dir='ltr'>origo,</span> <span class='ocrx_word' id='word_1_236' title='bbox 849 3389 927 3452; x_wconf 85' lang='lat' dir='ltr'>quse</span> <span class='ocrx_word' id='word_1_237' title='bbox 943 3371 983 3435; x_wconf 86' lang='lat' dir='ltr'>ad</span> <span class='ocrx_word' id='word_1_238' title='bbox 998 3372 1081 3454; x_wconf 86' lang='lat' dir='ltr'>ipsos</span> 
     </span>
     <span class='ocr_line' id='line_1_33' title="bbox 1 3463 1103 3550; baseline -0.003 -15"><span class='ocrx_word' id='word_1_239' title='bbox 1 3463 2 3546; x_wconf 64' lang='lat' dir='ltr'>J</span> <span class='ocrx_word' id='word_1_240' title='bbox 109 3469 141 3535; x_wconf 83' lang='lat' dir='ltr'>S.</span> <span class='ocrx_word' id='word_1_241' title='bbox 167 3468 255 3532; x_wconf 86' lang='lat' dir='ltr'>Petri</span> <span class='ocrx_word' id='word_1_242' title='bbox 278 3467 446 3550; x_wconf 89' lang='lat' dir='ltr'>discipulos</span> <span class='ocrx_word' id='word_1_243' title='bbox 469 3467 609 3532; x_wconf 90' lang='lat' dir='ltr'>refertur.</span> <span class='ocrx_word' id='word_1_244' title='bbox 639 3465 728 3532; x_wconf 78' lang='lat' dir='ltr'>Unde</span> <span class='ocrx_word' id='word_1_245' title='bbox 744 3469 790 3532; x_wconf 85' lang='lat' dir='ltr'>ait</span> <span class='ocrx_word' id='word_1_246' title='bbox 805 3467 989 3534; x_wconf 89' lang='lat' dir='ltr'>Benedictus</span> <span class='ocrx_word' id='word_1_247' title='bbox 1005 3469 1103 3533; x_wconf 88' lang='lat' dir='ltr'><strong>XIV·</strong></span> 
     </span>
     <span class='ocr_line' id='line_1_34' title="bbox 1 3565 1081 3650; baseline -0.002 -17"><span class='ocrx_word' id='word_1_248' title='bbox 1 3603 2 3608; x_wconf 17' lang='grc' dir='ltr'><strong>κ</strong></span> <span class='ocrx_word' id='word_1_249' title='bbox 110 3566 236 3650; x_wconf 79' lang='lat' dir='ltr'>(Consi.</span> <span class='ocrx_word' id='word_1_250' title='bbox 261 3565 380 3631; x_wconf 83' lang='lat' dir='ltr'>Rerum</span> <span class='ocrx_word' id='word_1_251' title='bbox 403 3565 623 3648; x_wconf 52' lang='lat' dir='ltr'>dioclesiani:</span> <span class='ocrx_word' id='word_1_252' title='bbox 640 3590 657 3624; x_wconf 84' lang='lat'>«</span> <span class='ocrx_word' id='word_1_253' title='bbox 670 3566 785 3630; x_wconf 86' lang='lat' dir='ltr'>Rerum</span> <span class='ocrx_word' id='word_1_254' title='bbox 804 3565 1081 3632; x_wconf 87' lang='lat' dir='ltr'>ecclesiasticarum</span> 
     </span>
    </p>
   </div>
   <div class='ocr_carea' id='block_1_6' title="bbox 111 3663 1082 3751">
    <p class='ocr_par' dir='ltr' id='par_1_9' title="bbox 111 3663 1082 3751">
     <span class='ocr_line' id='line_1_35' title="bbox 111 3663 1082 3751; baseline -0.001 -20"><span class='ocrx_word' id='word_1_255' title='bbox 111 3665 260 3751; x_wconf 86' lang='lat' dir='ltr'>origines,</span> <span class='ocrx_word' id='word_1_256' title='bbox 284 3682 346 3746; x_wconf 89' lang='lat' dir='ltr'>quo</span> <span class='ocrx_word' id='word_1_257' title='bbox 369 3664 466 3728; x_wconf 83' lang='lat' dir='ltr'>altius</span> <span class='ocrx_word' id='word_1_258' title='bbox 489 3682 524 3728; x_wconf 85' lang='lat' dir='ltr'>er</span> <span class='ocrx_word' id='word_1_259' title='bbox 548 3682 635 3727; x_wconf 84' lang='lat' dir='ltr'>sacra</span> <span class='ocrx_word' id='word_1_260' title='bbox 658 3663 808 3728; x_wconf 88' lang='lat' dir='ltr'>memoria</span> <span class='ocrx_word' id='word_1_261' title='bbox 831 3665 1010 3746; x_wconf 87' lang='lat' dir='ltr'>repetimus,</span> <span class='ocrx_word' id='word_1_262' title='bbox 1045 3684 1082 3730; x_wconf 88' lang='lat' dir='ltr'>eo</span> 
     </span>
    </p>
   </div>
   <div class='ocr_carea' id='block_1_7' title="bbox 0 0 1386 4270">
    <p class='ocr_par' dir='ltr' id='par_1_10' title="bbox 0 0 1386 4270">
     <span class='ocr_line' id='line_1_36' title="bbox 0 0 1386 4270; baseline 0 0"><span class='ocrx_word' id='word_1_263' title='bbox 0 0 1386 4270; x_wconf 95' lang='lat' dir='ltr'> </span> 
     </span>
    </p>
   </div>
  </div>
 </body>
</html>
