2750 4270
341 239 406 286 CAP.
431 240 451 284 I.
476 240 515 286 DE
540 239 707 285 nuncupant
732 239 764 284 IN
787 239 911 284 GENERE
1050 235 1104 288 203

117 438 333 501 incredibilis
355 439 519 502 oblivionis
534 439 635 502 multa
651 439 682 500 in
699 437 901 501 electionibus
917 436 1006 508 finnt,
1025 453 1103 516 quae

117 536 179 599 vel
207 536 394 613 invalidam,
421 537 468 600 vel
484 537 586 601 minus
603 537 718 599 rectam
736 554 772 598 ac
795 535 897 598 minus
921 534 1103 598 canonicam

118 633 258 697 faciunt
281 635 472 699 electionem.

461 817 612 880 Rucuma
630 817 780 872 ΑΝΙΜΑΕ.

176 967 317 1030 Macran
342 983 459 1030 coorrn.
476 964 579 1028 Mater
594 966 701 1029 nostra
719 966 766 1028 est
786 987 803 1022 ‹
821 963 918 1046 Virgo
936 961 1103 1046 virginum,

121 1085 217 1148 quae
242 1065 307 1127 sine
330 1065 468 1136 consilio,
500 1064 565 1127 sinc
597 1061 735 1143 exemplo
768 1081 882 1126 munus
914 1059 1105 1144 virginitatis

122 1163 203 1226 Deo
228 1161 355 1248 obtulit,
379 1163 411 1224 et
433 1179 487 1242 per
510 1161 559 1224 sui
590 1160 798 1223 imitationem
823 1177 928 1223 omnes
959 1157 1104 1240 Virgines

122 1260 359 1346 germinavit»
389 1255 439 1342 (Β.
463 1257 534 1321 Alb.
559 1257 692 1341 Magn).

177 1357 316 1420 Maurum
340 1373 460 1419 invoca.
485 1355 510 1418 O
533 1355 640 1438 Virgo,
674 1355 743 1436 quis
767 1357 798 1418 te
822 1355 928 1420 docuit
951 1355 1016 1418 Deo
1041 1353 1105 1436 pla-

123 1475 204 1520 cere
229 1455 421 1538 virginitate,
446 1455 477 1516 et
500 1454 532 1516 in
556 1453 647 1517 terris
663 1453 837 1538 angelicam
855 1451 963 1516 ducere
980 1453 1103 1515 vitam?

125 1553 179 1636 (S.
208 1551 382 1634 Bennett).

179 1651 316 1714 Manum
341 1667 507 1714 unnmmon.
533 1649 659 1712 Illibata
682 1649 819 1731 corporis
843 1651 874 1712 et
897 1649 1011 1713 mentis
1023 1648 1105 1731 puri-

126 1751 219 1824 tate;
246 1769 359 1834 magna
384 1749 599 1817 aestimatione
624 1747 661 1812 de
685 1749 867 1832 virginitate
892 1749 923 1812 et
946 1748 1103 1812 castitate.

126 1885 178 1894 -
204 1847 289 1910 Filii
311 1847 440 1910 Mariae
463 1847 636 1910 imitatores
660 1847 758 1910 eius...

518 2057 730 2064 *ma—...-

193 2275 283 2340 CAP.
308 2276 349 2338 ll.
375 2313 415 2322 —
441 2276 495 2338 ΒΕ
519 2273 816 2340 ELECTIONIBUS
840 2274 884 2338 ΙΝ
908 2273 1048 2338 sPnoln

250 2598 328 2662 Arar.
353 2598 378 2660 Ι.
403 2597 453 2664 lie
476 2599 647 2666 electione
670 2598 771 2666 Rom.
797 2597 989 2665 Pontlflcls.

182 2768 258 2832 597.
284 2803 328 2812 -—
353 2770 617 2836 Praenotandum.
642 2807 686 2816 -
709 2769 835 2834 Primis
857 2769 1017 2834 Ecclesiae
1034 2775 1105 2834 iciu-

1 2925 2 2930 ,
129 2865 266 2948 ponitus
290 2864 397 2930 Oleros
421 2869 453 2930 et
476 2868 609 2949 populus
626 2869 694 2950 (alii
709 2871 825 2952 negant
841 2868 878 2930 de
897 2867 1025 2950 popolo)
1041 2869 1104 2933 Ro-

132 2983 250 3030 manus
274 2966 556 3030 circumveniebant
579 2967 619 3030 ad
650 2967 811 3031 Pontificis
835 2965 1027 3040 electionem,
1052 2965 1104 3030 scd

1 3095 2 3146 p
133 3065 193 3128 ius·
204 3062 244 3125 ad
260 3059 385 3126 Clerum
402 3081 521 3145 semper
537 3065 701 3145 spectavit,
718 3066 755 3127 nt
771 3083 806 3127 er
822 3062 953 3126 historia
969 3063 1102 3126 constat.

1 3153 2 3242 Ξ
135 3159 315 3226 Successive
338 3159 370 3222 id
394 3162 441 3222 est
465 3161 503 3223 ab
527 3179 607 3226 anno
633 3161 696 3223 467
729 3161 902 3225 saeculares
933 3159 1105 3237 potestates

1 3250 2 3294 l
135 3275 203 3321 sese
226 3257 400 3322 immiscere
431 3277 525 3322 ausae
554 3261 638 3334 sunt,
663 3258 739 3322 adeo
770 3260 806 3321 ut
829 3277 884 3340 pro
908 3255 987 3320 bono
1020 3257 1105 3338 pacis

135 3355 220 3420 esset
243 3355 431 3436 expectanda
456 3357 495 3420 ab
519 3357 710 3439 Imperatore
727 3355 886 3420 electionis
897 3354 1102 3419 confirmatio.

136 3451 175 3516 Id
197 3453 335 3516 Ecclesia
359 3471 412 3534 per
436 3452 563 3532 aliquod
598 3454 721 3535 tempus
746 3453 894 3516 toleravit
917 3451 956 3516 ad
980 3469 1105 3534 praeca-

136 3551 237 3614 venda
260 3549 381 3614 maiora
405 3549 507 3623 malai
536 3549 664 3614 tandem
689 3570 720 3614 se
744 3551 900 3614 liberavit.
925 3549 1042 3632 Nempe
1066 3550 1105 3614 ab

135 3667 218 3712 anno
243 3647 329 3710 1059
345 3645 495 3712 Nicolaus
519 3647 550 3710 H
567 3645 786 3712 Cardinalibns
809 3648 968 3730 Episcopis
992 3647 1105 3730 princi-
