2856 4276
544 244 769 290 PutrLEourffln‘n
1094 238 1131 290 25

168 446 382 526 conloqui»
409 445 484 528 (Leo
509 445 595 508 XIII.
619 445 691 508 Eue.
721 443 897 524 Supiientc'eae
929 442 1130 520 christianae,

170 547 213 609 10
235 545 302 608 Ian.
329 545 429 626 1890)
449 542 468 606 ¹.

213 643 266 705 27.
284 679 328 687 -—
350 641 437 706 ano
457 641 511 706 iIIa
536 643 647 706 morito
664 641 777 705 dicitur
800 641 874 704 bene
898 639 1038 704 ordinatu
1056 639 1132 704 Res·

168 740 303 823 publiea,
330 740 362 802 in
390 759 450 821 qua
477 741 558 804 eires
586 739 832 824 magistratibus,
856 739 1060 822 magistratus
1088 738 1132 802 Io·

167 825 271 922 gibus,
288 839 320 900 et
335 838 419 921 leges
440 839 550 920 parent
574 839 715 902 aeternae
737 837 800 921 legi
823 837 897 900 Dei:
922 839 954 900 et
976 837 1007 900 in
1032 837 1131 920 Repu-

170 935 251 998 blica
275 935 438 1000 atheorum
469 937 500 998 et
526 935 813 1009 materialistarum,
837 933 942 1015 potius
969 934 1059 998 bruto
1084 933 1131 997 vis

169 1051 264 1112 quam
290 1051 398 1096 verum
413 1034 461 1096 ius
477 1051 604 1116 regnare
620 1032 706 1096 solet.
735 1057 753 1090 ι
780 1031 953 1112 Principum
977 1033 1082 1095 autem
1099 1032 1133 1108 et

166 1130 365 1196 subditorum
401 1131 506 1206 animi,
529 1130 648 1194 mutuis
682 1130 790 1194 officiis
814 1131 845 1193 et
874 1129 1004 1206 iuribus,
1028 1149 1132 1194 seom-

166 1227 245 1290 dum
279 1227 465 1291 catholicam
501 1227 671 1292 doctriuam
694 1247 731 1291 nc
753 1228 925 1310 praecepta,
950 1227 994 1290 Ita
1029 1227 1132 1290 devin-

166 1325 304 1399 ciuntur,
328 1325 419 1388 utet
451 1323 622 1406 imperandi
657 1325 845 1406 temperetur
873 1323 981 1399 libido,
1005 1325 1037 1387 et
1061 1324 1132 1388 obe-

166 1420 303 1484 dientiae
326 1421 407 1485 ratio
442 1420 551 1498 facitu,
575 1420 665 1485 firma
688 1423 720 1484 et
743 1421 933 1486 nobIIIssima
968 1420 1130 1485 efficiatur,

165 1517 247 1583 Sane
263 1519 399 1582 Ecclesia
423 1519 577 1584 subiectae
601 1519 795 1583 multitudini
818 1519 1023 1601 apostolicum
1045 1539 1132 1601 prae·

164 1618 293 1698 ceptum
316 1617 431 1702 iugiter
454 1617 605 1681 inculcat:
629 1617 705 1680 Non
721 1621 767 1680 est
775 1621 915 1696 potestas
931 1619 996 1681 atsi
1009 1638 1030 1680 a
1046 1617 1131 1687 Deo:

164 1735 246 1796 quoe
269 1715 616 1792 uutemsunt‚u1)eo
647 1717 793 1779 ordinatu
824 1719 907 1778 suot.
931 1717 1053 1796 Itaque,
1077 1718 1133 1796 qui

167 1813 290 1876 resntc't
306 1814 462 1892 potestati,
486 1812 552 1877 Dei
574 1813 767 1876 ordinationi
788 1814 927 1877 resistit:
951 1816 1006 1894 ortt
1029 1818 1131 1877 autem

167 1911 330 1987 resistunt,
366 1911 429 1988 episi
460 1909 523 1972 scot
555 1911 788 1974 damnationem
821 1911 999 1990 acquirunt.
1027 1911 1131 1992 Atque

165 2007 282 2072 iterum
305 2009 485 2072 necessitate
508 2007 647 2072 subditos
670 2027 734 2072 esse
750 2009 836 2073 iubet
859 2029 922 2074 nou
945 2010 1045 2076 sotum
1057 2030 1131 2089 pro·

158 2107 236 2184 pter
251 2106 344 2181 tram,
360 2105 416 2168 sed
429 2106 522 2168 etaim
539 2109 668 2185 propter
691 2107 929 2182 cmuetcnticw
945 2110 976 2169 et
990 2107 1132 2170 omuibus

166 2203 271 2266 detta
305 2203 439 2278 reddere,
470 2205 521 2266 cui
553 2203 704 2266 tributum
736 2203 895 2278 tributum,
924 2205 975 2266 cut
1001 2203 1134 2284 oecttput

164 2302 306 2383 necte'put,
331 2303 382 2364 eui
405 2302 544 2365 tiatorem
569 2300 717 2376 timorem,
743 2299 962 2364 enitescerent
986 2301 1132 2365 tenuent

166 2399 273 2480 (Rom.
300 2401 366 2483 13).
391 2399 547 2481 SiquIdem
572 2399 625 2480 qui
647 2399 764 2463 croavIt
787 2401 819 2462 et
841 2400 994 2483 gubernat
1018 2401 1131 2475 omnia,

166 2499 295 2579 provida
319 2517 375 2562 sua
399 2498 567 2579 sapientiae
592 2497 754 2579 disposuit,
767 2498 804 2561 ut
820 2498 926 2562 infima
949 2497 1131 2582 permedia,

165 2596 269 2660 modia
293 2615 347 2678 per
370 2613 491 2660 summo
507 2593 547 2659 ad
563 2614 634 2659 suos
657 2614 795 2676 quaeque
817 2595 893 2659 fines
916 2597 1095 2678 perueniant
1111 2619 1128 2654 »

167 2694 243 2777 (Leo
266 2693 354 2757 XIII.
379 2693 452 2758 Euo.
480 2693 569 2772 Quod
591 2693 774 2772 Apostotce',
800 2694 841 2756 28
867 2693 938 2758 Deo.
967 2693 1066 2776 1878)

716 2790 719 2804 t

215 2873 222 2906 ¹
244 2877 281 2930 Et
300 2876 384 2929 alibi:
407 2874 417 2896 ²
440 2875 503 2928 Una
521 2874 572 2926 illa
591 2873 750 2927 hominibus
771 2889 856 2926 ceusu
875 2877 918 2926 est
933 2891 989 2928 non
1004 2873 1132 2941 parendi.

165 2966 278 3034 siquid
298 2965 333 3018 ab
353 2963 387 3017 iis
407 2964 564 3032 postuletur
584 2963 657 3030 quod
677 2979 739 3016 euru
753 2962 877 3016 naturali
891 2965 940 3016 aut
954 2961 1050 3016 dIviuo
1073 2962 1132 3016 iure

165 3061 266 3124 aperto
285 3059 444 3122 repugnet:
464 3053 559 3107 omnia
578 3053 653 3106 enim
672 3052 701 3104 in
724 3051 825 3120 quibus
855 3056 975 3105 naturae
1008 3051 1053 3105 lex
1087 3053 1133 3105 vel

166 3145 218 3200 Dei
237 3145 368 3199 voluntas
389 3143 518 3208 violatur,
539 3159 627 3209 aeque
648 3140 728 3194 nefas
749 3145 791 3194 est
811 3141 950 3208 imperare
966 3144 994 3194 et
1012 3140 1132 3194 facore...

166 3235 266 3304 Neque
286 3239 382 3297 tanuen
393 3238 436 3288 est
446 3249 494 3286 our
507 3231 642 3285 abiecisse
653 3229 851 3293 obedientiam,
867 3229 967 3298 quiite
978 3247 1006 3282 se
1020 3233 1132 3298 gerant,

168 3332 342 3396 pugnantum
363 3327 476 3388 etenim,
497 3325 520 3378 si
540 3323 698 3392 principum
718 3321 849 3375 voluntas
870 3338 933 3375 curn
955 3321 1007 3374 Dei
1021 3325 1132 3390 pugnat

170 3418 315 3472 voluntate
336 3421 364 3470 et
383 3415 501 3485 legibus,
517 3413 572 3482 ipsi
592 3410 742 3480 potestatis
763 3427 829 3464 suaa
850 3411 962 3464 modum
986 3411 1134 3474 excedunt,

168 3505 364 3574 iustitiamque
384 3508 568 3573 pervertunt:
593 3517 684 3570 neque
704 3515 800 3553 eorum
820 3503 887 3553 tuno
916 3501 1011 3554 ualere
1039 3503 1136 3568 potest

170 3597 332 3662 auotoritas,
353 3611 433 3664 quae,
453 3595 501 3648 ubi
520 3593 632 3647 iustitia
651 3609 707 3648 non
719 3593 770 3648 est,
786 3589 867 3643 nulia
881 3593 951 3654 ost„
974 3589 1041 3655 (Leo
1058 3590 1132 3654 XIII,

173 3685 239 3740 Enc.
258 3686 442 3749 Diuturuum,
462 3685 496 3738 29
516 3685 576 3737 Iun.
598 3681 686 3748 1881).
