2758 4270
263 277 327 324 CAP.
353 278 381 322 ll.
406 277 446 324 DE
470 277 625 325 nouncffis
649 279 686 324 ET
709 279 924 326 Ruuunnnluus
1026 277 1079 331 313

108 477 262 540 moniales
278 476 419 540 admitti:
436 477 509 558 quia
525 476 614 541 decor
627 476 708 540 filiae
721 477 815 562 Regis
830 478 869 540 ab
881 478 976 542 intus.
991 478 1078 542 Duae
1134 519 1136 523 -

108 566 237 630 tantum
262 584 381 630 sorores
406 567 535 648 possunt
558 567 589 629 in
622 567 729 631 eodem
760 569 948 631 monasterio
975 570 1078 650 recipi,

108 683 198 728 secus
214 666 392 728 recurratur
408 663 448 727 ad
465 668 497 728 S.
515 663 634 728 Sedem.
652 663 713 728 Cir.
731 663 765 728 C.
783 665 938 728 Ferrari...
963 703 1005 710 -
1026 665 1079 730 Vi·

109 779 227 826 srmnuo
241 763 427 826 Monialinm
443 762 480 825 fit
495 781 566 826 cum
582 764 762 827 assistentia
775 765 910 844 quatuor
926 781 1078 839 sororum,

109 859 186 924 dum
212 860 347 941 reliquae
370 860 402 924 in
425 859 518 925 choro
542 861 728 937 consistunt,
753 861 806 925 sed
830 861 970 925 visitatio
994 862 1081 943 spiri-

110 959 210 1022 tualis
234 959 395 1040 peragitur
422 958 461 1021 ad
485 961 585 1022 crates
611 957 631 1021 ¹.

158 1057 236 1118 916.
262 1093 303 1102 -
331 1057 418 1121 dota.
443 1093 486 1102 -
510 1056 613 1120 Multa
637 1057 700 1120 alia
721 1056 848 1120 dicenda
865 1059 1029 1120 occurrunt
1045 1055 1082 1120 de

111 1154 333 1238 Regularihus,
350 1173 428 1235 quae
445 1155 549 1218 tamen
573 1154 707 1218 inlibris
731 1154 768 1217 de
785 1154 854 1217 lure
871 1153 1024 1218 Canonico
1049 1155 1080 1218 in

108 1271 233 1336 genere,
252 1253 413 1316 brevitatis
425 1271 519 1316 causa
532 1253 635 1316 omitti
653 1253 774 1326 debent,
788 1251 974 1316 remittendo
987 1253 1081 1338 lecto-

111 1368 161 1413 res
187 1349 227 1412 ad
245 1348 429 1413 Canonistas
453 1350 534 1414 luris
552 1350 717 1433 Regularis
741 1350 772 1412 in
797 1351 904 1432 specie.
922 1350 957 1412 In
982 1349 1083 1412 dubiis

110 1447 354 1511 resumentibus.
380 1447 442 1513 Cir.
467 1447 540 1511 Piut
563 1446 720 1512 Proekct.
737 1448 806 1510 Iur.
824 1445 949 1527 Rapui„
967 1446 1083 1511 Pallot·

109 1545 182 1622 tini,
200 1544 348 1618 Rimanti,
373 1547 432 1610 etc.

264 1811 342 1876 Aac.
366 1811 421 1874 Vl.
446 1811 496 1878 lle
520 1811 729 1878 lloulallbus
752 1813 934 1895 speclatlm

175 1917 252 2004 (seu
272 1915 318 1984 'de
341 1919 553 1986 mullorltns
577 1919 678 2002 relig.
701 1921 772 1986 rot.
789 1919 1025 2002 solemnium).

157 2119 236 2184 917.
264 2157 302 2164 —
339 2121 467 2200 Reqnla.
501 2155 543 2164 -
575 2119 773 2200 Apostolioae
806 2116 891 2182 Sedis
933 2115 1084 2198 potestati

29 2213 38 2228 ’
109 2219 292 2283 reservatur
325 2217 458 2280 facultas
481 2215 598 2300 regulis
621 2233 640 2278 a
663 2214 777 2280 Sancta
802 2213 879 2278 Sede
903 2213 1083 2295 approbatis

110 2316 235 2399 aliquid
259 2315 401 2392 addendi,
422 2315 478 2377 aut
494 2313 684 2388 detrahendi,
702 2314 758 2377 aut
774 2313 912 2394 aliquam
936 2330 1083 2392 quacum·

150 2545 161 2582 ¹
178 2547 381 2615 Episcoporum
400 2547 551 2600 auctoritas
573 2546 665 2612 quood
688 2544 848 2599 clausorum
863 2543 1034 2597 Moutolc'um
1048 2567 1078 2576 -

113 2639 175 2694 Sub
195 2638 241 2690 die
262 2639 294 2690 16
314 2637 375 2692 iulii
398 2635 474 2699 1884,
495 2636 580 2690 dubia
593 2634 742 2702 sequentia
754 2633 907 2702 proposita
919 2632 1033 2685 fuerunt
1047 2631 1085 2684 di·

113 2728 223 2783 luenda
243 2727 268 2780 S.
291 2725 510 2796 Congrcgationi
525 2725 617 2793 Episo.
632 2729 661 2778 et
674 2725 782 2792 Regul,
797 2723 944 2775 nimirum:
960 2749 992 2756 -
1010 2721 1027 2773 l.
1044 2723 1086 2774 An

114 2819 285 2887 Episcopus,
306 2816 477 2870 anctoritate
497 2816 620 2882 propria,
640 2813 805 2882 permittere
826 2812 928 2874 valeat,
949 2815 981 2864 ut
998 2810 1087 2877 recipi

114 2908 230 2976 possint
244 2905 273 2957 in
293 2905 474 2960 Mouasteriis
489 2904 635 2957 clausurae
651 2902 795 2965 subiectis,
809 2901 940 2968 mulieres
960 2916 1033 2966 quae
1045 2899 1083 2952 in·

114 2996 200 3067 gredi
219 2996 337 3062 cupiunt
357 2995 444 3048 veluti
460 2992 685 3062 pensionariae?
703 3019 737 3028 -
749 2991 784 3045 ΙΙ.
799 2990 908 3043 Pariter
928 2991 1022 3056 potest
1036 2987 1087 3041 Or·

115 3087 255 3148 dinarius,
276 3085 446 3138 auctoritato
466 3085 588 3151 propria,
609 3082 644 3135 ad
664 3086 776 3149 tempus
797 3080 841 3133 vel
860 3079 890 3132 in
911 3082 1086 3145 perpetuum,

115 3175 272 3230 monialem
292 3175 416 3242 aliquam
432 3174 466 3228 de
481 3191 534 3240 uno
549 3171 677 3226 adalind
697 3169 899 3224 Monasterium
920 3167 1086 3226 transferre.

117 3265 207 3320 etiam
218 3263 332 3318 Ordinis
345 3264 477 3325 eiusdem,
493 3263 568 3316 iusta
581 3261 792 3314 interveniente
808 3257 912 3310 causa?
928 3285 953 3291 —
974 3255 1021 3308 lll.
1037 3255 1087 3309 Po·

117 3357 214 3410 testne
228 3353 344 3408 tandem
358 3352 530 3414 Ordinarius‚
545 3351 716 3404 auctoritate
732 3349 854 3415 propria.
868 3345 1022 3400 transferre
1036 3345 1089 3398 ali·

119 3461 205 3512 quam
226 3442 378 3496 monialem
397 3441 510 3509 quaudo
530 3440 628 3494 eadem
649 3439 741 3492 electa
762 3437 896 3490 fueritin
918 3435 1088 3502 Superioris·

117 3550 177 3586 sam
196 3532 314 3586 alterins
328 3531 499 3594 monasterii,
520 3534 570 3583 aut
583 3533 698 3582 censeat
714 3527 812 3580 utilem
828 3542 888 3580 esse
908 3530 937 3579 et
951 3524 1085 3590 expedire

119 3621 338 3677 translationem
357 3619 493 3674 eiusmodi
514 3635 577 3672 oum
590 3619 643 3672 hoo
658 3607 790 3671 moneret
811 3641 845 3650 -
859 3614 945 3668 Sacra
967 3607 1089 3680 Congre-

119 3710 197 3780 gatio
217 3709 342 3762 Emrum
358 3706 552 3761 Oardinalium
567 3704 690 3775 negotiis
704 3703 906 3772 Episcoporum
920 3706 948 3756 et
967 3701 1089 3770 Regula-
