2812 4268
313 253 378 300 cnP.
403 253 434 299 11.
459 253 498 300 DE
522 252 691 299 BENEEICIIS
715 253 948 304 acuteslnsulcls
1060 256 1113 311 375

146 456 256 526 facere,
282 471 375 534 quarn
399 452 426 516 si
449 453 545 518 bones
571 455 721 537 pastores,
753 456 785 519 et
815 455 970 520 Ecclesiae
1001 457 1112 538 guber·

146 552 268 616 nandae
283 550 407 614 idoneos
418 553 593 632 promoveri
610 551 902 634 studeamusque
922 553 1031 618 alienis
1047 573 1113 638 pec·

145 649 225 714 catis
248 648 511 712 communicantes
534 649 710 714 mortaliter
733 669 867 731 peecare,
892 651 952 714 nisi
968 671 1045 733 ques
1069 653 1113 716 di·

144 749 270 832 gnior'es
292 747 324 809 et
347 745 500 810 Ecclesiae
515 747 616 830 magis
633 747 726 812 utiles
742 748 800 829 ipsi
817 748 1033 822 iudicaverint,
1052 768 1112 814 non

147 845 283 926 quidem,
307 844 359 907 vel
379 844 514 908 humano
538 844 660 919 affeetu,
686 847 742 908 aut
773 845 977 910 ambientium
1003 866 1113 932 sugge-

146 943 309 1018 stionibus,
332 941 385 1006 sed
408 961 514 1006 eorum
538 943 731 1025 exigentibus
754 943 874 1008 meritis
898 944 1021 1026 praefici
1045 944 1112 1008 dili·

147 1043 256 1124 genter
287 1039 477 1114 euravcrint;
504 1042 536 1103 et
567 1059 644 1121 quos
675 1060 711 1106 er
741 1041 884 1124 legitimo
912 1043 1113 1107 matrimonio

147 1143 248 1212 natos,
273 1139 305 1200 et
330 1139 405 1214 vita,
428 1139 541 1213 aetate,
566 1137 717 1213 doctrina,
742 1140 836 1220 atque
867 1139 938 1202 aliis
969 1141 1114 1204 omnibus

143 1236 356 1319 xqualitatibus
372 1235 528 1316 praeditos
544 1235 654 1312 sciant,
667 1255 746 1317 quae
761 1237 849 1300 iuxta
865 1255 968 1301 sacres
983 1255 1115 1302 canones

148 1338 182 1399 et
193 1333 390 1397 Tridentinae
406 1332 499 1396 buius
518 1330 634 1415 Synodi
650 1333 772 1398 decreta
787 1335 988 1415 requiruntur
1005 1332 1113 1415 (Cone.

150 1432 247 1507 Tria,
271 1451 344 1495 sess.
369 1431 422 1506 24,
447 1449 513 1512 cap.
540 1432 569 1504 1,
595 1431 631 1494 de
654 1431 736 1512 rei).

197 1531 293 1593 1120.
306 1565 350 1576 -
361 1529 400 1592 V.
417 1528 555 1594 Scicatic
580 1547 658 1609 quae
681 1527 789 1594 officiis
813 1530 872 1594 rite
888 1529 1034 1595 obeundis
1050 1531 1113 1594 sul·

148 1629 245 1694 ficiat.
261 1665 305 1676 -
320 1628 410 1691 Inter
428 1625 540 1706 plures
561 1626 688 1706 dignior
705 1625 934 1706 praeferendae
957 1630 1011 1690 cst.
1029 1627 1115 1691 Haeo

150 1727 301 1811 obligatio
324 1725 449 1806 respicit
471 1724 652 1805 praesertim
676 1724 897 1806 episcopatum,
921 1727 953 1788 et
968 1723 1114 1788 beneficia

150 1845 229 1907 quae
252 1823 496 1888 iurisdictionem
513 1824 670 1886 externam
687 1822 736 1886 vel
752 1841 858 1886 curam
874 1823 1049 1886 animarum
1063 1841 1116 1886 an·

150 1941 259 1986 nexam
276 1922 401 1986 habent.
418 1920 545 1996 Ilbeita,
565 1919 619 1983 sed
636 1920 740 1984 valida
760 1922 808 1984 est
823 1920 947 1984 collatio
964 1920 1116 1984 inferioris

149 2020 288 2086 beneficii
310 2020 404 2103 digno
427 2017 520 2095 laeta,
545 2019 762 2101 praetermisso
797 2019 946 2101 digniore.
982 2017 1114 2082 Benedi-

149 2121 220 2183 ctus
243 2117 327 2191 XIV,
352 2115 456 2182 Const.
486 2113 564 2179 Cam
587 2114 677 2192 abac,
708 2117 744 2178 14
769 2116 841 2180 Dec.
873 2115 968 2190 1742,
1001 2115 1046 2179 ita
1078 2115 1115 2178 de

149 2217 207 2282 hae
230 2235 263 2279 re
286 2216 409 2280 scribit:
438 2213 556 2293 «Quia
580 2232 652 2277 vero
676 2213 844 2294 perniciosa
867 2213 950 2294 apud
966 2212 1115 2295 plurimos

149 2314 253 2396 opinio
276 2313 388 2378 sensim
412 2311 558 2386 invaluit,
583 2310 754 2374 Tridentini
790 2310 919 2374 decretis
942 2328 1003 2374 non
1027 2329 1115 2390 prae-

149 2412 297 2493 scriptam
322 2428 386 2474 esse
410 2409 558 2492 dignioris
582 2409 760 2472 electionem
785 2407 837 2472 sed
860 2408 963 2472 caveri
978 2409 1116 2472 tantum·

116 2542 120 2550 ·
149 2508 254 2584 modo,
279 2527 315 2571 ne
338 2507 472 2590 indignis
495 2506 648 2570 Ecclesiae
672 2507 864 2588 parochiales
880 2506 1002 2587 aliaque
1025 2506 1116 2569 bene-

149 2605 230 2681 ficia,
256 2605 368 2686 quibus
398 2623 472 2668 cura
508 2603 650 2668 imminet
684 2604 871 2678 animarum,
895 2603 1115 2680 conferrentur,

149 2722 174 2767 s.
198 2721 241 2765 m.
265 2701 463 2766 Innocentius
486 2701 541 2776 Xl,
565 2700 785 2768 Praedccessor
807 2701 932 2778 Noster,
956 2719 1115 2766 erroneam

149 2800 322 2864 doctrinam
347 2819 366 2862 a
390 2817 461 2862 vera
477 2799 509 2862 et
525 2798 642 2876 sincera
658 2799 790 2864 Petrum
806 2803 908 2866 mente
922 2801 1047 2885 longius
1063 2799 1116 2863 de·

147 2897 324 2962 flectentem
348 2897 520 2972 damnavit,
545 2899 577 2960 et
600 2897 724 2963 edocuit
748 2917 842 2978 quam
865 2899 999 2981 prudens
1021 2917 1057 2963 ac
1073 2898 1116 2962 di·

61 2999 63 3004 ’
148 2996 250 3080 ligens
272 3015 338 3060 esse
361 2995 472 3059 debeat
495 2995 662 3076 pastoralis
685 2995 777 3060 officii
793 2995 983 3079 dispensatio
999 3020 1017 3054 >
1033 2991 1054 3058 ¹.
1075 3007 1113 3042 ‘-

148 3093 247 3158 Nors.
271 3092 464 3174 illepclmce
488 3110 547 3178 non
571 3093 675 3175 petest
704 3093 840 3158 obtinere
873 3093 1052 3158 beneficium
1084 3095 1115 3156 in

147 3191 286 3256 Ecclesia
309 3191 340 3254 in
365 3209 426 3272 qua
449 3189 649 3254 beneficiatus
673 3193 720 3255 est
743 3195 842 3274 pater,
863 3210 961 3273 neque
977 3191 1117 3256 obtinere

147 3287 332 3353 beneficium
356 3307 374 3352 a
397 3289 486 3370 patre
510 3286 685 3354 dimissum.

194 3511 202 3544 ¹
219 3507 234 3536 “
246 3511 314 3566 Cum
334 3513 406 3567 dixit
426 3511 583 3574 Concilium
603 3511 802 3568 Tridentinurn
815 3531 862 3568 ecs
875 3514 976 3568 alienis
990 3515 1115 3582 peccatis

149 3597 390 3658 communicantes
409 3602 570 3658 mortaliter
589 3619 714 3670 peccare,
734 3603 791 3672 qui,
811 3603 867 3657 nisi
882 3621 951 3672 quos
973 3603 1116 3673 digniores

147 3687 177 3749 et
196 3693 340 3748 Ecclesiae
359 3693 450 3762 magis
469 3692 555 3747 utiles
573 3691 629 3761 ipsi
642 3692 840 3761 iudicaverint,
854 3693 890 3748 ad
904 3693 1038 3748 ecclesias
1052 3709 1118 3761 pro·
