<?xml version="1.0" encoding="UTF-8"?>
<!DOCTYPE html PUBLIC "-//W3C//DTD XHTML 1.0 Transitional//EN"
    "http://www.w3.org/TR/xhtml1/DTD/xhtml1-transitional.dtd">
<html xmlns="http://www.w3.org/1999/xhtml" xml:lang="en" lang="en">
 <head>
  <title>
</title>
<meta http-equiv="Content-Type" content="text/html;charset=utf-8" />
  <meta name='ocr-system' content='tesseract 3.04.00' />
  <meta name='ocr-capabilities' content='ocr_page ocr_carea ocr_par ocr_line ocrx_word'/>
</head>
<body>
  <div class='ocr_page' id='page_1' title='image "./compendiumiuris00tutgoog_0024.png"; bbox 0 0 2856 4276; ppageno 0'>
   <div class='ocr_carea' id='block_1_1' title="bbox 518 259 1167 334">
    <p class='ocr_par' dir='ltr' id='par_1_1' title="bbox 518 259 1167 334">
     <span class='ocr_line' id='line_1_1' title="bbox 518 259 1167 334; baseline 0.014 -30"><span class='ocrx_word' id='word_1_1' title='bbox 518 259 746 306; x_wconf 75' lang='lat' dir='ltr'>Paounueunn&#39;a</span> <span class='ocrx_word' id='word_1_2' title='bbox 1078 259 1110 312; x_wconf 81' lang='lat'>15</span> <span class='ocrx_word' id='word_1_3' title='bbox 1162 325 1167 334; x_wconf 90' lang='lat'><em>.</em></span> 
     </span>
    </p>
   </div>
   <div class='ocr_carea' id='block_1_2' title="bbox 133 451 1110 1808">
    <p class='ocr_par' dir='ltr' id='par_1_2' title="bbox 134 451 1107 615">
     <span class='ocr_line' id='line_1_2' title="bbox 138 451 1107 536; baseline 0.002 -20"><span class='ocrx_word' id='word_1_4' title='bbox 138 451 322 536; x_wconf 81' lang='lat' dir='ltr'>professioni</span> <span class='ocrx_word' id='word_1_5' title='bbox 334 452 504 536; x_wconf 89' lang='lat' dir='ltr'>coniungit,</span> <span class='ocrx_word' id='word_1_6' title='bbox 529 471 598 516; x_wconf 89' lang='lat' dir='ltr'>earn</span> <span class='ocrx_word' id='word_1_7' title='bbox 621 453 787 534; x_wconf 89' lang='lat' dir='ltr'>aliquando</span> <span class='ocrx_word' id='word_1_8' title='bbox 800 453 831 516; x_wconf 96' lang='lat' dir='ltr'>in</span> <span class='ocrx_word' id='word_1_9' title='bbox 845 453 998 519; x_wconf 79' lang='lat' dir='ltr'>Ecclesiae</span> <span class='ocrx_word' id='word_1_10' title='bbox 1017 475 1107 518; x_wconf 92' lang='lat' dir='ltr'>usum</span> 
     </span>
     <span class='ocr_line' id='line_1_3' title="bbox 134 549 656 615; baseline -0.013 0"><span class='ocrx_word' id='word_1_11' title='bbox 134 553 170 615; x_wconf 87' lang='lat' dir='ltr'>et</span> <span class='ocrx_word' id='word_1_12' title='bbox 193 551 413 614; x_wconf 89' lang='lat' dir='ltr'>ornamentum</span> <span class='ocrx_word' id='word_1_13' title='bbox 437 549 656 614; x_wconf 85' lang='lat' dir='ltr'>traditurus.»</span> 
     </span>
    </p>

    <p class='ocr_par' dir='ltr' id='par_1_3' title="bbox 133 645 1110 1808">
     <span class='ocr_line' id='line_1_4' title="bbox 184 645 1107 730; baseline 0 -18"><span class='ocrx_word' id='word_1_14' title='bbox 184 650 298 712; x_wconf 86' lang='grc'>19.-</span> <span class='ocrx_word' id='word_1_15' title='bbox 314 646 508 729; x_wconf 79' lang='lat' dir='ltr'>Quaproptes</span> <span class='ocrx_word' id='word_1_16' title='bbox 527 647 722 730; x_wconf 86' lang='lat' dir='ltr'>improbandi</span> <span class='ocrx_word' id='word_1_17' title='bbox 738 645 847 712; x_wconf 83' lang='lat' dir='ltr'>Clerici</span> <span class='ocrx_word' id='word_1_18' title='bbox 861 649 912 730; x_wconf 89' lang='lat' dir='ltr'>qui</span> <span class='ocrx_word' id='word_1_19' title='bbox 930 649 1107 714; x_wconf 89' lang='lat' dir='ltr'>eanonicam</span> 
     </span>
     <span class='ocr_line' id='line_1_5' title="bbox 133 745 1110 830; baseline 0 -19"><span class='ocrx_word' id='word_1_20' title='bbox 133 747 322 811; x_wconf 84' lang='lat' dir='ltr'>facultatem</span> <span class='ocrx_word' id='word_1_21' title='bbox 347 745 568 830; x_wconf 78' lang='lat' dir='ltr'>negliguntet</span> <span class='ocrx_word' id='word_1_22' title='bbox 536 745 753 810; x_wconf 89' lang='lat' dir='ltr'>eafortiori</span> <span class='ocrx_word' id='word_1_23' title='bbox 780 746 833 826; x_wconf 89' lang='lat' dir='ltr'>qni</span> <span class='ocrx_word' id='word_1_24' title='bbox 861 746 925 809; x_wconf 89' lang='lat' dir='ltr'>sive</span> <span class='ocrx_word' id='word_1_25' title='bbox 951 747 982 810; x_wconf 92' lang='lat' dir='ltr'>in</span> <span class='ocrx_word' id='word_1_26' title='bbox 1006 765 1038 811; x_wconf 91' lang='lat' dir='ltr'>re</span> <span class='ocrx_word' id='word_1_27' title='bbox 1061 765 1110 811; x_wconf 91' lang='lat' dir='ltr'>ea-</span> 
     </span>
     <span class='ocr_line' id='line_1_6' title="bbox 134 842 1110 928; baseline 0 -20"><span class='ocrx_word' id='word_1_28' title='bbox 134 845 246 908; x_wconf 90' lang='lat' dir='ltr'>nonica</span> <span class='ocrx_word' id='word_1_29' title='bbox 271 844 336 908; x_wconf 90' lang='lat' dir='ltr'>sive</span> <span class='ocrx_word' id='word_1_30' title='bbox 359 843 392 906; x_wconf 90' lang='lat' dir='ltr'>in</span> <span class='ocrx_word' id='word_1_31' title='bbox 415 862 501 908; x_wconf 91' lang='lat' dir='ltr'>sacra</span> <span class='ocrx_word' id='word_1_32' title='bbox 532 843 672 926; x_wconf 79' lang='lat' dir='ltr'>liturgia,</span> <span class='ocrx_word' id='word_1_33' title='bbox 697 844 755 906; x_wconf 86' lang='grc' dir='ltr'>ιιι</span> <span class='ocrx_word' id='word_1_34' title='bbox 780 842 928 906; x_wconf 88' lang='lat' dir='ltr'>dubitt</span> <span class='ocrx_word' id='word_1_35' title='bbox 857 845 928 908; x_wconf 88' lang='lat' dir='ltr'>ttan</span> <span class='ocrx_word' id='word_1_36' title='bbox 929 863 961 908; x_wconf 92' lang='lat' dir='ltr'>es</span> <span class='ocrx_word' id='word_1_37' title='bbox 976 843 1013 908; x_wconf 91' lang='lat' dir='ltr'>de</span> <span class='ocrx_word' id='word_1_38' title='bbox 1036 844 1110 928; x_wconf 92' lang='lat' dir='ltr'>legi-</span> 
     </span>
     <span class='ocr_line' id='line_1_7' title="bbox 133 940 1109 1023; baseline 0 -17"><span class='ocrx_word' id='word_1_39' title='bbox 133 943 279 1006; x_wconf 88' lang='lat' dir='ltr'>timitate</span> <span class='ocrx_word' id='word_1_40' title='bbox 303 941 434 1004; x_wconf 90' lang='lat' dir='ltr'>alieuius</span> <span class='ocrx_word' id='word_1_41' title='bbox 457 960 532 1006; x_wconf 90' lang='lat' dir='ltr'>usus</span> <span class='ocrx_word' id='word_1_42' title='bbox 549 940 598 1004; x_wconf 87' lang='lat' dir='ltr'>vel</span> <span class='ocrx_word' id='word_1_43' title='bbox 613 940 771 1022; x_wconf 83' lang='lat' dir='ltr'>opinionis,</span> <span class='ocrx_word' id='word_1_44' title='bbox 790 940 916 1023; x_wconf 88' lang='lat' dir='ltr'>fugiunt</span> <span class='ocrx_word' id='word_1_45' title='bbox 937 942 1109 1006; x_wconf 90' lang='lat' dir='ltr'>occasiones</span> 
     </span>
     <span class='ocr_line' id='line_1_8' title="bbox 137 1038 1110 1148; baseline 0 -44"><span class='ocrx_word' id='word_1_46' title='bbox 137 1041 305 1104; x_wconf 87' lang='lat' dir='ltr'>veritatem</span> <span class='ocrx_word' id='word_1_47' title='bbox 341 1039 526 1114; x_wconf 87' lang='lat' dir='ltr'>addiscendi,</span> <span class='ocrx_word' id='word_1_48' title='bbox 551 1039 712 1148; x_wconf 88' lang='lat' dir='ltr'>praecipue</span> <span class='ocrx_word' id='word_1_49' title='bbox 736 1057 789 1120; x_wconf 88' lang='lat' dir='ltr'>per</span> <span class='ocrx_word' id='word_1_50' title='bbox 820 1038 967 1102; x_wconf 91' lang='lat' dir='ltr'>notitiam</span> <span class='ocrx_word' id='word_1_51' title='bbox 1002 1039 1110 1104; x_wconf 83' lang='lat' dir='ltr'>Decre-</span> 
     </span>
     <span class='ocr_line' id='line_1_9' title="bbox 136 1135 1109 1219; baseline 0 -17"><span class='ocrx_word' id='word_1_52' title='bbox 136 1141 244 1202; x_wconf 88' lang='lat' dir='ltr'>torum</span> <span class='ocrx_word' id='word_1_53' title='bbox 264 1137 479 1201; x_wconf 76' lang='lat' dir='ltr'>recentiorum.</span> <span class='ocrx_word' id='word_1_54' title='bbox 500 1136 591 1200; x_wconf 85' lang='lat' dir='ltr'>Tales</span> <span class='ocrx_word' id='word_1_55' title='bbox 610 1135 692 1200; x_wconf 88' lang='lat' dir='ltr'>eninr</span> <span class='ocrx_word' id='word_1_56' title='bbox 707 1135 885 1200; x_wconf 89' lang='lat' dir='ltr'>nullatenus</span> <span class='ocrx_word' id='word_1_57' title='bbox 902 1136 962 1200; x_wconf 89' lang='lat' dir='ltr'>dici</span> <span class='ocrx_word' id='word_1_58' title='bbox 978 1140 1109 1219; x_wconf 90' lang='lat' dir='ltr'>possunt</span> 
     </span>
     <span class='ocr_line' id='line_1_10' title="bbox 138 1233 1109 1310; baseline 0 -12"><span class='ocrx_word' id='word_1_59' title='bbox 138 1236 172 1298; x_wconf 94' lang='lat' dir='ltr'>in</span> <span class='ocrx_word' id='word_1_60' title='bbox 194 1237 277 1299; x_wconf 90' lang='lat' dir='ltr'>bona</span> <span class='ocrx_word' id='word_1_61' title='bbox 301 1233 370 1310; x_wconf 89' lang='lat' dir='ltr'>fide,</span> <span class='ocrx_word' id='word_1_62' title='bbox 394 1251 465 1296; x_wconf 89' lang='lat' dir='ltr'>eum</span> <span class='ocrx_word' id='word_1_63' title='bbox 500 1233 650 1297; x_wconf 90' lang='lat' dir='ltr'>lucemt</span> <span class='ocrx_word' id='word_1_64' title='bbox 650 1233 767 1296; x_wconf 86' lang='lat' dir='ltr'>imeant</span> <span class='ocrx_word' id='word_1_65' title='bbox 797 1233 959 1298; x_wconf 91' lang='lat' dir='ltr'>etnolint</span> <span class='ocrx_word' id='word_1_66' title='bbox 993 1234 1109 1298; x_wconf 91' lang='lat' dir='ltr'>intelli·</span> 
     </span>
     <span class='ocr_line' id='line_1_11' title="bbox 135 1328 1107 1416; baseline 0.001 -20"><span class='ocrx_word' id='word_1_67' title='bbox 135 1352 245 1416; x_wconf 88' lang='lat' dir='ltr'>gere...</span> <span class='ocrx_word' id='word_1_68' title='bbox 257 1328 314 1395; x_wconf 82' lang='lat' dir='ltr'>1ld</span> <span class='ocrx_word' id='word_1_69' title='bbox 338 1331 421 1396; x_wconf 92' lang='lat' dir='ltr'>haud</span> <span class='ocrx_word' id='word_1_70' title='bbox 450 1350 520 1396; x_wconf 90' lang='lat' dir='ltr'>raro</span> <span class='ocrx_word' id='word_1_71' title='bbox 538 1331 662 1395; x_wconf 90' lang='lat' dir='ltr'>evenit</span> <span class='ocrx_word' id='word_1_72' title='bbox 655 1351 686 1394; x_wconf 93' lang='grc' dir='ltr'>ιιι</span> <span class='ocrx_word' id='word_1_73' title='bbox 699 1331 790 1394; x_wconf 90' lang='lat' dir='ltr'>rebus</span> <span class='ocrx_word' id='word_1_74' title='bbox 804 1331 971 1415; x_wconf 80' lang='lat' dir='ltr'>liturgicis,</span> <span class='ocrx_word' id='word_1_75' title='bbox 986 1331 1107 1414; x_wconf 90' lang='lat' dir='ltr'>quando</span> 
     </span>
     <span class='ocr_line' id='line_1_12' title="bbox 136 1428 1108 1512; baseline 0 -18"><span class='ocrx_word' id='word_1_76' title='bbox 136 1431 210 1512; x_wconf 88' lang='lat' dir='ltr'>quis</span> <span class='ocrx_word' id='word_1_77' title='bbox 234 1430 423 1504; x_wconf 89' lang='lat' dir='ltr'>admonitus,</span> <span class='ocrx_word' id='word_1_78' title='bbox 440 1430 478 1493; x_wconf 90' lang='lat' dir='ltr'>de</span> <span class='ocrx_word' id='word_1_79' title='bbox 497 1429 602 1510; x_wconf 88' lang='lat' dir='ltr'>aliquo</span> <span class='ocrx_word' id='word_1_80' title='bbox 618 1429 783 1493; x_wconf 90' lang='lat' dir='ltr'>novissimo</span> <span class='ocrx_word' id='word_1_81' title='bbox 808 1428 939 1506; x_wconf 89' lang='lat' dir='ltr'>decreto,</span> <span class='ocrx_word' id='word_1_82' title='bbox 953 1429 1108 1494; x_wconf 89' lang='lat' dir='ltr'>contrario</span> 
     </span>
     <span class='ocr_line' id='line_1_13' title="bbox 136 1526 1108 1611; baseline -0.002 -17"><span class='ocrx_word' id='word_1_83' title='bbox 136 1527 296 1610; x_wconf 88' lang='lat' dir='ltr'>personali</span> <span class='ocrx_word' id='word_1_84' title='bbox 322 1529 370 1592; x_wconf 85' lang='lat' dir='ltr'>vel</span> <span class='ocrx_word' id='word_1_85' title='bbox 397 1528 489 1592; x_wconf 90' lang='lat' dir='ltr'>locali</span> <span class='ocrx_word' id='word_1_86' title='bbox 516 1527 740 1603; x_wconf 90' lang='lat' dir='ltr'>consuetudini,</span> <span class='ocrx_word' id='word_1_87' title='bbox 769 1526 852 1611; x_wconf 79' lang='lat' dir='ltr'>fugit</span> <span class='ocrx_word' id='word_1_88' title='bbox 873 1528 971 1611; x_wconf 90' lang='lat' dir='ltr'>ipsius</span> <span class='ocrx_word' id='word_1_89' title='bbox 995 1529 1108 1592; x_wconf 91' lang='lat' dir='ltr'>decretl</span> 
     </span>
     <span class='ocr_line' id='line_1_14' title="bbox 137 1625 1106 1710; baseline 0 -20"><span class='ocrx_word' id='word_1_90' title='bbox 137 1627 296 1702; x_wconf 89' lang='lat' dir='ltr'>notitiam,</span> <span class='ocrx_word' id='word_1_91' title='bbox 312 1625 401 1706; x_wconf 89' lang='lat' dir='ltr'>quasi</span> <span class='ocrx_word' id='word_1_92' title='bbox 416 1626 556 1710; x_wconf 87' lang='lat' dir='ltr'>cogitans</span> <span class='ocrx_word' id='word_1_93' title='bbox 568 1645 633 1690; x_wconf 89' lang='lat' dir='ltr'>rem</span> <span class='ocrx_word' id='word_1_94' title='bbox 645 1625 815 1710; x_wconf 82' lang='lat' dir='ltr'>legitimari</span> <span class='ocrx_word' id='word_1_95' title='bbox 831 1645 884 1708; x_wconf 88' lang='lat' dir='ltr'>per</span> <span class='ocrx_word' id='word_1_96' title='bbox 897 1627 1106 1691; x_wconf 85' lang='lat' dir='ltr'>voluntariam</span> 
     </span>
     <span class='ocr_line' id='line_1_15' title="bbox 134 1723 360 1808; baseline -0.004 -22"><span class='ocrx_word' id='word_1_97' title='bbox 134 1723 360 1808; x_wconf 86' lang='lat' dir='ltr'>ignorantiam.</span> 
     </span>
    </p>
   </div>
   <div class='ocr_carea' id='block_1_3' title="bbox 135 1901 1160 3759">
    <p class='ocr_par' dir='ltr' id='par_1_4' title="bbox 135 1901 1160 3759">
     <span class='ocr_line' id='line_1_16' title="bbox 136 1901 1108 1972; baseline 0.003 -16"><span class='ocrx_word' id='word_1_98' title='bbox 136 1919 204 1958; x_wconf 89' lang='lat' dir='ltr'>eum</span> <span class='ocrx_word' id='word_1_99' title='bbox 236 1903 380 1958; x_wconf 79' lang='lat' dir='ltr'>Ecclesiae</span> <span class='ocrx_word' id='word_1_100' title='bbox 411 1901 586 1958; x_wconf 84' lang='lat' dir='ltr'>documentis</span> <span class='ocrx_word' id='word_1_101' title='bbox 618 1903 731 1972; x_wconf 87' lang='lat' dir='ltr'>penitus</span> <span class='ocrx_word' id='word_1_102' title='bbox 763 1908 881 1959; x_wconf 88' lang='lat' dir='ltr'>consent</span> <span class='ocrx_word' id='word_1_103' title='bbox 882 1905 976 1970; x_wconf 90' lang='lat' dir='ltr'>iens,</span> <span class='ocrx_word' id='word_1_104' title='bbox 981 1904 1086 1960; x_wconf 89' lang='grc' dir='ltr'>,Ει</span> <span class='ocrx_word' id='word_1_105' title='bbox 1078 1923 1108 1959; x_wconf 93' lang='grc' dir='ltr'>ιιι</span> 
     </span>
     <span class='ocr_line' id='line_1_17' title="bbox 138 1989 1107 2059; baseline 0.003 -15"><span class='ocrx_word' id='word_1_106' title='bbox 138 1989 303 2046; x_wconf 85' lang='lat' dir='ltr'>laudatoria</span> <span class='ocrx_word' id='word_1_107' title='bbox 331 1991 421 2059; x_wconf 82' lang='lat' dir='ltr'>Epist</span> <span class='ocrx_word' id='word_1_108' title='bbox 401 1989 625 2048; x_wconf 79' lang='lat' dir='ltr'>Dtoetora&#39;bas</span> <span class='ocrx_word' id='word_1_109' title='bbox 653 1991 689 2044; x_wconf 89' lang='lat' dir='ltr'>ad</span> <span class='ocrx_word' id='word_1_110' title='bbox 717 1989 746 2045; x_wconf 91' lang='lat' dir='ltr'>P.</span> <span class='ocrx_word' id='word_1_111' title='bbox 766 1991 926 2046; x_wconf 86' lang='lat' dir='ltr'>Marianum</span> <span class='ocrx_word' id='word_1_112' title='bbox 957 1993 997 2046; x_wconf 88' lang='lat' dir='ltr'>De</span> <span class='ocrx_word' id='word_1_113' title='bbox 1024 1992 1107 2051; x_wconf 83' lang='lat' dir='ltr'>Luca,</span> 
     </span>
     <span class='ocr_line' id='line_1_18' title="bbox 140 2077 1108 2152; baseline 0.004 -18"><span class='ocrx_word' id='word_1_114' title='bbox 140 2081 173 2134; x_wconf 89' lang='lat'>18</span> <span class='ocrx_word' id='word_1_115' title='bbox 193 2079 256 2134; x_wconf 91' lang='lat' dir='ltr'>Oct.</span> <span class='ocrx_word' id='word_1_116' title='bbox 273 2080 349 2144; x_wconf 85' lang='grc'>1898,</span> <span class='ocrx_word' id='word_1_117' title='bbox 370 2079 468 2134; x_wconf 83' lang='lat' dir='ltr'>scribit</span> <span class='ocrx_word' id='word_1_118' title='bbox 457 2084 481 2134; x_wconf 88' lang='lat' dir='ltr'>t:</span> <span class='ocrx_word' id='word_1_119' title='bbox 504 2077 609 2145; x_wconf 76' lang='lat' dir='ltr'>“Quid</span> <span class='ocrx_word' id='word_1_120' title='bbox 629 2081 703 2135; x_wconf 89' lang='lat' dir='ltr'>enim</span> <span class='ocrx_word' id='word_1_121' title='bbox 723 2081 866 2136; x_wconf 87' lang='lat' dir='ltr'>Ecclesiae</span> <span class='ocrx_word' id='word_1_122' title='bbox 879 2082 938 2137; x_wconf 82' lang='grc' dir='ltr'>ιιι</span> <span class='ocrx_word' id='word_1_123' title='bbox 930 2081 1007 2147; x_wconf 88' lang='lat' dir='ltr'>ruris,</span> <span class='ocrx_word' id='word_1_124' title='bbox 1022 2099 1108 2152; x_wconf 83' lang='lat' dir='ltr'>quae·</span> 
     </span>
     <span class='ocr_line' id='line_1_19' title="bbox 136 2169 1106 2239; baseline 0.002 -15"><span class='ocrx_word' id='word_1_125' title='bbox 136 2187 193 2238; x_wconf 90' lang='lat' dir='ltr'>que</span> <span class='ocrx_word' id='word_1_126' title='bbox 214 2173 351 2236; x_wconf 89' lang='lat' dir='ltr'>potestas,</span> <span class='ocrx_word' id='word_1_127' title='bbox 370 2169 424 2224; x_wconf 85' lang='lat' dir='ltr'>hae</span> <span class='ocrx_word' id='word_1_128' title='bbox 442 2170 565 2224; x_wconf 84' lang='lat' dir='ltr'>maxime</span> <span class='ocrx_word' id='word_1_129' title='bbox 597 2173 768 2239; x_wconf 87' lang='lat' dir='ltr'>tempestate</span> <span class='ocrx_word' id='word_1_130' title='bbox 787 2187 874 2239; x_wconf 89' lang='lat' dir='ltr'>quum</span> <span class='ocrx_word' id='word_1_131' title='bbox 902 2172 999 2226; x_wconf 89' lang='lat' dir='ltr'>omnia</span> <span class='ocrx_word' id='word_1_132' title='bbox 1017 2175 1106 2226; x_wconf 87' lang='lat' dir='ltr'>trans·</span> 
     </span>
     <span class='ocr_line' id='line_1_20' title="bbox 143 2259 1108 2328; baseline 0.004 -17"><span class='ocrx_word' id='word_1_133' title='bbox 143 2275 257 2313; x_wconf 85' lang='lat' dir='ltr'>versum</span> <span class='ocrx_word' id='word_1_134' title='bbox 282 2262 415 2328; x_wconf 88' lang='lat' dir='ltr'>aguntur,</span> <span class='ocrx_word' id='word_1_135' title='bbox 435 2259 548 2327; x_wconf 91' lang='lat' dir='ltr'>penitus</span> <span class='ocrx_word' id='word_1_136' title='bbox 576 2275 667 2322; x_wconf 90' lang='lat' dir='ltr'>nosse,</span> <span class='ocrx_word' id='word_1_137' title='bbox 687 2278 744 2314; x_wconf 90' lang='lat' dir='ltr'>non</span> <span class='ocrx_word' id='word_1_138' title='bbox 763 2261 854 2315; x_wconf 89' lang='lat' dir='ltr'>solum</span> <span class='ocrx_word' id='word_1_139' title='bbox 874 2261 909 2313; x_wconf 88' lang='lat' dir='ltr'>ad</span> <span class='ocrx_word' id='word_1_140' title='bbox 940 2260 1045 2315; x_wconf 89' lang='lat' dir='ltr'>clerum</span> <span class='ocrx_word' id='word_1_141' title='bbox 1065 2265 1108 2316; x_wconf 90' lang='lat' dir='ltr'>at·</span> 
     </span>
     <span class='ocr_line' id='line_1_21' title="bbox 136 2347 1107 2426; baseline 0.003 -26"><span class='ocrx_word' id='word_1_142' title='bbox 136 2347 220 2412; x_wconf 91' lang='lat' dir='ltr'>tinet,</span> <span class='ocrx_word' id='word_1_143' title='bbox 236 2364 334 2426; x_wconf 84' lang='lat' dir='ltr'>verum</span> <span class='ocrx_word' id='word_1_144' title='bbox 349 2347 436 2402; x_wconf 88' lang='lat' dir='ltr'>etiarn</span> <span class='ocrx_word' id='word_1_145' title='bbox 456 2350 613 2402; x_wconf 88' lang='lat' dir='ltr'>ceterorum</span> <span class='ocrx_word' id='word_1_146' title='bbox 631 2347 728 2412; x_wconf 78' lang='lat' dir='ltr'>refert,</span> <span class='ocrx_word' id='word_1_147' title='bbox 741 2351 782 2414; x_wconf 91' lang='lat' dir='ltr'>ut,</span> <span class='ocrx_word' id='word_1_148' title='bbox 797 2348 984 2403; x_wconf 85' lang='lat' dir='ltr'>sanctissimis</span> <span class='ocrx_word' id='word_1_149' title='bbox 998 2349 1107 2419; x_wconf 87' lang='lat' dir='ltr'>legibus</span> 
     </span>
     <span class='ocr_line' id='line_1_22' title="bbox 138 2436 1109 2508; baseline 0.001 -17"><span class='ocrx_word' id='word_1_150' title='bbox 138 2437 278 2505; x_wconf 86' lang='lat' dir='ltr'>perducti,</span> <span class='ocrx_word' id='word_1_151' title='bbox 289 2436 468 2505; x_wconf 88' lang='lat' dir='ltr'>propositum</span> <span class='ocrx_word' id='word_1_152' title='bbox 487 2441 619 2491; x_wconf 87' lang='lat' dir='ltr'>aeternae</span> <span class='ocrx_word' id='word_1_153' title='bbox 638 2437 786 2492; x_wconf 84' lang='lat' dir='ltr'>beatitatis</span> <span class='ocrx_word' id='word_1_154' title='bbox 806 2439 889 2492; x_wconf 88' lang='lat' dir='ltr'>finem</span> <span class='ocrx_word' id='word_1_155' title='bbox 905 2443 982 2494; x_wconf 86' lang='lat' dir='ltr'>recte</span> <span class='ocrx_word' id='word_1_156' title='bbox 996 2440 1109 2508; x_wconf 86' lang='lat' dir='ltr'>assequi</span> 
     </span>
     <span class='ocr_line' id='line_1_23' title="bbox 135 2523 1107 2597; baseline 0.002 -17"><span class='ocrx_word' id='word_1_157' title='bbox 135 2526 323 2580; x_wconf 81' lang='lat' dir='ltr'>contendant·</span> <span class='ocrx_word' id='word_1_158' title='bbox 341 2567 351 2590; x_wconf 93' lang='lat'>,</span> <span class='ocrx_word' id='word_1_159' title='bbox 366 2551 402 2562; x_wconf 83' lang='lat'>·-</span> <span class='ocrx_word' id='word_1_160' title='bbox 418 2523 501 2581; x_wconf 79' lang='lat' dir='ltr'>Ocno.</span> <span class='ocrx_word' id='word_1_161' title='bbox 520 2526 602 2580; x_wconf 85' lang='lat' dir='ltr'>Prov.</span> <span class='ocrx_word' id='word_1_162' title='bbox 623 2525 724 2581; x_wconf 82' lang='lat' dir='ltr'>Venet.</span> <span class='ocrx_word' id='word_1_163' title='bbox 744 2545 793 2581; x_wconf 91' lang='grc' dir='ltr'>ιιι.</span> <span class='ocrx_word' id='word_1_164' title='bbox 815 2527 892 2592; x_wconf 86' lang='grc'>1859,</span> <span class='ocrx_word' id='word_1_165' title='bbox 908 2545 935 2597; x_wconf 83' lang='lat' dir='ltr'>p.</span> <span class='ocrx_word' id='word_1_166' title='bbox 950 2530 975 2582; x_wconf 83' lang='lat'>2.</span> <span class='ocrx_word' id='word_1_167' title='bbox 989 2544 1050 2596; x_wconf 83' lang='lat' dir='ltr'>cap·</span> <span class='ocrx_word' id='word_1_168' title='bbox 1065 2529 1107 2593; x_wconf 86' lang='lat'>16,</span> 
     </span>
     <span class='ocr_line' id='line_1_24' title="bbox 138 2614 1106 2680; baseline 0.002 -12"><span class='ocrx_word' id='word_1_169' title='bbox 138 2616 186 2670; x_wconf 91' lang='lat' dir='ltr'>nbi</span> <span class='ocrx_word' id='word_1_170' title='bbox 205 2616 240 2670; x_wconf 91' lang='lat' dir='ltr'>de</span> <span class='ocrx_word' id='word_1_171' title='bbox 261 2614 420 2671; x_wconf 89' lang='lat' dir='ltr'>seminariis</span> <span class='ocrx_word' id='word_1_172' title='bbox 449 2615 566 2669; x_wconf 87' lang='lat' dir='ltr'>statuit:</span> <span class='ocrx_word' id='word_1_173' title='bbox 588 2614 598 2637; x_wconf 82' lang='lat'>“</span> <span class='ocrx_word' id='word_1_174' title='bbox 622 2615 771 2670; x_wconf 84' lang='lat' dir='ltr'>Sacrorum</span> <span class='ocrx_word' id='word_1_175' title='bbox 800 2632 941 2670; x_wconf 87' lang='lat' dir='ltr'>canonum</span> <span class='ocrx_word' id='word_1_176' title='bbox 961 2616 1106 2680; x_wconf 87' lang='lat' dir='ltr'>scientiae,</span> 
     </span>
     <span class='ocr_line' id='line_1_25' title="bbox 137 2705 1160 2774; baseline 0.003 -16"><span class='ocrx_word' id='word_1_177' title='bbox 137 2705 258 2760; x_wconf 87' lang='lat' dir='ltr'>attentis</span> <span class='ocrx_word' id='word_1_178' title='bbox 277 2705 400 2759; x_wconf 84' lang='lat' dir='ltr'>maxime</span> <span class='ocrx_word' id='word_1_179' title='bbox 420 2705 611 2773; x_wconf 89' lang='lat' dir='ltr'>praesentium</span> <span class='ocrx_word' id='word_1_180' title='bbox 630 2708 788 2774; x_wconf 88' lang='lat' dir='ltr'>temporum</span> <span class='ocrx_word' id='word_1_181' title='bbox 810 2705 960 2767; x_wconf 88' lang='lat' dir='ltr'>adiunctis,</span> <span class='ocrx_word' id='word_1_182' title='bbox 981 2706 1108 2761; x_wconf 88' lang='lat' dir='ltr'>sedulam</span> <span class='ocrx_word' id='word_1_183' title='bbox 1158 2739 1160 2742; x_wconf 94' lang='lat'>-</span> 
     </span>
     <span class='ocr_line' id='line_1_26' title="bbox 138 2793 1108 2863; baseline 0.002 -16"><span class='ocrx_word' id='word_1_184' title='bbox 138 2795 287 2849; x_wconf 82' lang='lat' dir='ltr'>navabant</span> <span class='ocrx_word' id='word_1_185' title='bbox 305 2811 435 2862; x_wconf 81' lang='lat' dir='ltr'>operam3</span> <span class='ocrx_word' id='word_1_186' title='bbox 454 2797 487 2847; x_wconf 92' lang='lat' dir='ltr'>ut</span> <span class='ocrx_word' id='word_1_187' title='bbox 506 2793 716 2848; x_wconf 84' lang='lat' dir='ltr'>ecclesiastieae</span> <span class='ocrx_word' id='word_1_188' title='bbox 736 2795 888 2863; x_wconf 83' lang='lat' dir='ltr'>potestatis</span> <span class='ocrx_word' id='word_1_189' title='bbox 916 2795 1108 2863; x_wconf 88' lang='lat' dir='ltr'>independen-</span> 
     </span>
     <span class='ocr_line' id='line_1_27' title="bbox 135 2883 1107 2953; baseline 0 -13"><span class='ocrx_word' id='word_1_190' title='bbox 135 2887 208 2940; x_wconf 86' lang='lat' dir='ltr'>tiam</span> <span class='ocrx_word' id='word_1_191' title='bbox 227 2889 258 2940; x_wconf 91' lang='lat' dir='ltr'>et</span> <span class='ocrx_word' id='word_1_192' title='bbox 286 2883 425 2939; x_wconf 88' lang='lat' dir='ltr'>ambitum</span> <span class='ocrx_word' id='word_1_193' title='bbox 452 2884 556 2939; x_wconf 88' lang='lat' dir='ltr'>mentis</span> <span class='ocrx_word' id='word_1_194' title='bbox 575 2885 657 2940; x_wconf 87' lang='lat' dir='ltr'>oculo</span> <span class='ocrx_word' id='word_1_195' title='bbox 687 2885 870 2953; x_wconf 86' lang='lat' dir='ltr'>perspiciant,</span> <span class='ocrx_word' id='word_1_196' title='bbox 894 2885 981 2940; x_wconf 90' lang='lat' dir='ltr'>totius</span> <span class='ocrx_word' id='word_1_197' title='bbox 1011 2903 1107 2940; x_wconf 84' lang='lat' dir='ltr'>sacrae</span> 
     </span>
     <span class='ocr_line' id='line_1_28' title="bbox 137 2973 1108 3044; baseline 0 -16"><span class='ocrx_word' id='word_1_198' title='bbox 137 2973 378 3044; x_wconf 85' lang='lat' dir='ltr'>lurisprudentiae</span> <span class='ocrx_word' id='word_1_199' title='bbox 400 2975 592 3029; x_wconf 84' lang='lat' dir='ltr'>oeconomiam</span> <span class='ocrx_word' id='word_1_200' title='bbox 612 2976 801 3043; x_wconf 87' lang='lat' dir='ltr'>perpendant,</span> <span class='ocrx_word' id='word_1_201' title='bbox 820 2975 884 3029; x_wconf 87' lang='lat' dir='ltr'>iura</span> <span class='ocrx_word' id='word_1_202' title='bbox 903 2992 937 3028; x_wconf 90' lang='lat' dir='ltr'>ao</span> <span class='ocrx_word' id='word_1_203' title='bbox 961 2974 1039 3044; x_wconf 88' lang='lat' dir='ltr'>leges</span> <span class='ocrx_word' id='word_1_204' title='bbox 1059 2975 1108 3028; x_wconf 92' lang='lat' dir='ltr'>Eo·</span> 
     </span>
     <span class='ocr_line' id='line_1_29' title="bbox 136 3063 1109 3133; baseline 0.001 -16"><span class='ocrx_word' id='word_1_205' title='bbox 136 3065 241 3119; x_wconf 84' lang='lat' dir='ltr'>clasiae</span> <span class='ocrx_word' id='word_1_206' title='bbox 266 3067 403 3120; x_wconf 87' lang='lat' dir='ltr'>tueantur</span> <span class='ocrx_word' id='word_1_207' title='bbox 422 3067 452 3118; x_wconf 90' lang='lat' dir='ltr'>et</span> <span class='ocrx_word' id='word_1_208' title='bbox 471 3067 538 3132; x_wconf 86' lang='lat' dir='ltr'>apte</span> <span class='ocrx_word' id='word_1_209' title='bbox 557 3063 783 3132; x_wconf 88' lang='lat' dir='ltr'>interpretentur</span> <span class='ocrx_word' id='word_1_210' title='bbox 802 3081 835 3118; x_wconf 89' lang='lat' dir='ltr'>ac</span> <span class='ocrx_word' id='word_1_211' title='bbox 855 3082 906 3133; x_wconf 89' lang='lat' dir='ltr'>pro</span> <span class='ocrx_word' id='word_1_212' title='bbox 938 3064 1050 3118; x_wconf 87' lang='lat' dir='ltr'>casibus</span> <span class='ocrx_word' id='word_1_213' title='bbox 1066 3081 1109 3119; x_wconf 89' lang='lat' dir='ltr'>oc·</span> 
     </span>
     <span class='ocr_line' id='line_1_30' title="bbox 136 3139 935 3222; baseline -0.004 -14"><span class='ocrx_word' id='word_1_214' title='bbox 136 3153 316 3208; x_wconf 85' lang='lat' dir='ltr'>currentibus</span> <span class='ocrx_word' id='word_1_215' title='bbox 336 3154 423 3222; x_wconf 87' lang='lat' dir='ltr'>probe</span> <span class='ocrx_word' id='word_1_216' title='bbox 442 3153 586 3215; x_wconf 79' lang='lat' dir='ltr'>adplicata</span> <span class='ocrx_word' id='word_1_217' title='bbox 597 3153 689 3208; x_wconf 82' lang='lat' dir='ltr'>sciant</span> <span class='ocrx_word' id='word_1_218' title='bbox 702 3189 723 3218; x_wconf 85' lang='lat'>,·</span> <span class='ocrx_word' id='word_1_219' title='bbox 931 3139 935 3148; x_wconf 71' lang='grc'><strong>’</strong></span> 
     </span>
     <span class='ocr_line' id='line_1_31' title="bbox 181 3237 1110 3312; baseline -0.001 -16"><span class='ocrx_word' id='word_1_220' title='bbox 181 3239 391 3296; x_wconf 78' lang='lat' dir='ltr'>1⁰tssrvantta</span> <span class='ocrx_word' id='word_1_221' title='bbox 422 3237 563 3296; x_wconf 68' lang='lat' dir='ltr'>canonum.</span> <span class='ocrx_word' id='word_1_222' title='bbox 592 3269 627 3278; x_wconf 98' lang='lat'><em>-</em></span> <span class='ocrx_word' id='word_1_223' title='bbox 654 3241 748 3296; x_wconf 83' lang='lat' dir='ltr'>Minus</span> <span class='ocrx_word' id='word_1_224' title='bbox 777 3242 927 3312; x_wconf 87' lang='lat' dir='ltr'>negligens</span> <span class='ocrx_word' id='word_1_225' title='bbox 956 3242 988 3295; x_wconf 90' lang='lat' dir='ltr'>in</span> <span class='ocrx_word' id='word_1_226' title='bbox 1017 3242 1110 3296; x_wconf 90' lang='lat' dir='ltr'>obser·</span> 
     </span>
     <span class='ocr_line' id='line_1_32' title="bbox 137 3331 1109 3400; baseline 0 -15"><span class='ocrx_word' id='word_1_227' title='bbox 137 3333 238 3387; x_wconf 89' lang='lat' dir='ltr'>vantia</span> <span class='ocrx_word' id='word_1_228' title='bbox 256 3349 397 3386; x_wconf 86' lang='lat' dir='ltr'>canonum</span> <span class='ocrx_word' id='word_1_229' title='bbox 416 3331 471 3386; x_wconf 87' lang='lat' dir='ltr'>erit</span> <span class='ocrx_word' id='word_1_230' title='bbox 489 3333 538 3400; x_wconf 90' lang='lat' dir='ltr'>qui</span> <span class='ocrx_word' id='word_1_231' title='bbox 557 3331 729 3400; x_wconf 86' lang='lat' dir='ltr'>gravissima</span> <span class='ocrx_word' id='word_1_232' title='bbox 747 3332 818 3386; x_wconf 90' lang='lat' dir='ltr'>haee</span> <span class='ocrx_word' id='word_1_233' title='bbox 837 3333 948 3387; x_wconf 86' lang='lat' dir='ltr'>monita</span> <span class='ocrx_word' id='word_1_234' title='bbox 969 3349 1003 3386; x_wconf 84' lang='lat' dir='ltr'>ex</span> <span class='ocrx_word' id='word_1_235' title='bbox 1023 3331 1109 3386; x_wconf 87' lang='lat' dir='ltr'>sacris</span> 
     </span>
     <span class='ocr_line' id='line_1_33' title="bbox 136 3419 891 3489; baseline 0 -15"><span class='ocrx_word' id='word_1_236' title='bbox 136 3421 293 3476; x_wconf 87' lang='lat' dir='ltr'>canonibus</span> <span class='ocrx_word' id='word_1_237' title='bbox 313 3425 447 3489; x_wconf 85' lang='lat' dir='ltr'>excerpta</span> <span class='ocrx_word' id='word_1_238' title='bbox 466 3420 537 3475; x_wconf 88' lang='lat' dir='ltr'>serio</span> <span class='ocrx_word' id='word_1_239' title='bbox 558 3419 725 3481; x_wconf 84' lang='lat' dir='ltr'>consideret,</span> <span class='ocrx_word' id='word_1_240' title='bbox 744 3421 891 3475; x_wconf 87' lang='lat' dir='ltr'>videlicet:</span> 
     </span>
     <span class='ocr_line' id='line_1_34' title="bbox 210 3508 1110 3578; baseline -0.006 -12"><span class='ocrx_word' id='word_1_241' title='bbox 210 3511 239 3575; x_wconf 86' lang='lat' dir='ltr'>a)</span> <span class='ocrx_word' id='word_1_242' title='bbox 257 3511 376 3565; x_wconf 86' lang='lat' dir='ltr'>Nullam</span> <span class='ocrx_word' id='word_1_243' title='bbox 395 3509 585 3566; x_wconf 86' lang='lat' dir='ltr'>differentiam</span> <span class='ocrx_word' id='word_1_244' title='bbox 605 3527 667 3567; x_wconf 87' lang='lat' dir='ltr'>esse</span> <span class='ocrx_word' id='word_1_245' title='bbox 686 3510 762 3564; x_wconf 91' lang='lat' dir='ltr'>inter</span> <span class='ocrx_word' id='word_1_246' title='bbox 780 3510 831 3564; x_wconf 88' lang='lat' dir='ltr'>illa</span> <span class='ocrx_word' id='word_1_247' title='bbox 850 3511 973 3564; x_wconf 87' lang='lat' dir='ltr'>Decreta</span> <span class='ocrx_word' id='word_1_248' title='bbox 992 3508 1110 3578; x_wconf 89' lang='lat' dir='ltr'>quaein</span> 
     </span>
     <span class='ocr_line' id='line_1_35' title="bbox 139 3599 1110 3668; baseline 0 -16"><span class='ocrx_word' id='word_1_249' title='bbox 139 3600 233 3655; x_wconf 88' lang='lat' dir='ltr'>codiee</span> <span class='ocrx_word' id='word_1_250' title='bbox 252 3617 394 3656; x_wconf 86' lang='lat' dir='ltr'>canonum</span> <span class='ocrx_word' id='word_1_251' title='bbox 413 3601 562 3666; x_wconf 87' lang='lat' dir='ltr'>habentur,</span> <span class='ocrx_word' id='word_1_252' title='bbox 583 3600 663 3655; x_wconf 81' lang='lat' dir='ltr'>Sedis</span> <span class='ocrx_word' id='word_1_253' title='bbox 684 3601 865 3668; x_wconf 86' lang='lat' dir='ltr'>Apostolicae</span> <span class='ocrx_word' id='word_1_254' title='bbox 888 3599 1060 3663; x_wconf 78' lang='lat' dir='ltr'>Praemium,</span> <span class='ocrx_word' id='word_1_255' title='bbox 1081 3601 1110 3652; x_wconf 90' lang='lat' dir='ltr'>et</span> 
     </span>
     <span class='ocr_line' id='line_1_36' title="bbox 137 3689 1110 3759; baseline -0.001 -17"><span class='ocrx_word' id='word_1_256' title='bbox 137 3705 181 3754; x_wconf 89' lang='grc' dir='ltr'>ιι,</span> <span class='ocrx_word' id='word_1_257' title='bbox 199 3705 271 3759; x_wconf 88' lang='lat' dir='ltr'>quae</span> <span class='ocrx_word' id='word_1_258' title='bbox 290 3707 358 3759; x_wconf 86' lang='lat' dir='ltr'>prae</span> <span class='ocrx_word' id='word_1_259' title='bbox 378 3689 560 3745; x_wconf 89' lang='lat' dir='ltr'>multitudine</span> <span class='ocrx_word' id='word_1_260' title='bbox 581 3691 627 3744; x_wconf 86' lang='lat' dir='ltr'>vix</span> <span class='ocrx_word' id='word_1_261' title='bbox 647 3707 698 3759; x_wconf 86' lang='lat' dir='ltr'>per</span> <span class='ocrx_word' id='word_1_262' title='bbox 718 3689 831 3758; x_wconf 83' lang='lat' dir='ltr'>singula</span> <span class='ocrx_word' id='word_1_263' title='bbox 850 3689 1028 3744; x_wconf 85' lang='lat' dir='ltr'>voluminum</span> <span class='ocrx_word' id='word_1_264' title='bbox 1047 3704 1110 3742; x_wconf 89' lang='lat' dir='ltr'>cor·</span> 
     </span>
    </p>
   </div>
   <div class='ocr_carea' id='block_1_4' title="bbox 0 0 1433 4276">
    <p class='ocr_par' dir='ltr' id='par_1_5' title="bbox 0 0 1433 4276">
     <span class='ocr_line' id='line_1_37' title="bbox 0 0 1433 4276; baseline 0 0"><span class='ocrx_word' id='word_1_265' title='bbox 0 0 1433 4276; x_wconf 95' lang='lat' dir='ltr'> </span> 
     </span>
    </p>
   </div>
  </div>
 </body>
</html>
