2750 4270
421 241 487 290 GAP.
511 245 554 290 111.
579 246 619 294 DE
643 244 800 292 canonicis
1037 246 1091 298 249

14 481 15 484 =
120 443 271 508 Ecclesiis
294 445 373 518 suis;
391 445 426 508 2⁰
448 442 479 509 U
479 443 543 508 ltro
559 451 622 509 tres
637 465 757 510 menses
772 446 877 510 obesse
896 449 1053 530 nequeunt
1067 447 1088 522 ¹,

14 557 15 560 ’
120 541 183 605 nisi
201 543 310 623 aliqua
332 543 417 606 iusta
440 562 534 608 causa
549 561 602 608 eos
618 544 725 626 procul
748 564 813 608 esse
828 549 932 628 cogat,
950 547 1048 610 veluti
1064 547 1090 610 si

119 639 231 703 adsint
254 643 393 705 curaturi
417 641 641 706 1111111111111
664 645 721 706 ant
743 643 895 726 Episcopi,
913 646 969 707 ant
985 644 1089 708 daturi

119 756 250 820 operam
266 739 297 802 in
314 740 420 820 aliquo
436 741 567 822 probato
592 742 754 824 gymnasio
771 761 876 805 sacrae
892 723 1089 826 Theoldgiae,

119 836 260 900 sacriste
283 835 478 911 Canonibus3
499 839 535 900 3⁰
550 837 605 901 Ee
620 839 713 902 iustis
728 840 832 902 causis
847 839 989 902 absentes
1002 859 1090 918 prae·

120 931 243 996 luendae
258 931 380 1011 fractas
391 935 583 1015 percipiant,
600 954 659 998 non
675 937 749 1000 item
767 937 970 1015 quotidianos
984 936 1089 999 distri

120 1029 278 1104 tationes,
306 1051 385 1114 quae
409 1033 534 1096 tantum
566 1033 598 1096 in
630 1033 724 1098 choro
752 1035 967 1116 praesentibus
991 1053 1091 1098 accre-

119 1130 224 1192 scunt.
250 1165 293 1174 -
317 1129 408 1194 Solus
431 1130 517 1210 Papa
547 1131 710 1195 concedere
734 1133 836 1213 potest
863 1132 1021 1195 licentiam
1053 1134 1090 1196 11

117 1226 260 1310 eligatur
288 1225 466 1292 Conectens
488 1223 649 1292 'coadiutor
671 1249 742 1292 cum
770 1231 877 1292 futura
901 1231 1088 1294 successione

119 1325 365 1409 (Reiffenstuel).

167 1424 246 1486 7221.
264 1461 307 1472 -
330 1425 372 1488 11.
389 1423 535 1490 Canonici
552 1426 606 1489 alii
623 1427 696 1489 sunt
719 1425 885 1504 simplices,
903 1424 956 1488 alii
974 1425 1089 1488 habent

117 1519 262 1602 officium
285 1523 349 1588 sive
382 1523 536 1605 peculiare
567 1523 786 1597 ministerium,
811 1522 866 1585 alii
884 1527 1089 1601 personatum

118 1619 185 1683 sive
203 1620 305 1684 solam
320 1621 607 1703 praeeminentiam,
624 1621 679 1684 alii
703 1621 888 1701 deportatam
905 1621 970 1684 sive
987 1640 1088 1702 praee

117 1717 307 1780 minentiam
324 1737 393 1781 cunr
411 1717 621 1781 iurisdictione
635 1717 726 1798 (Vide
739 1717 975 1780 consuetudines
992 1716 1089 1798 lepidi-

117 1833 188 1878 mas
205 1814 367 1899 locorum).
395 1819 429 1880 ln
445 1815 539 1879 ltalia
555 1817 687 1898 primam
705 1813 891 1900 dignitatem
908 1815 1088 1896 plerumque

117 1912 263 1976 obtinent
279 1913 506 1989 Archidiaconi,
524 1915 553 1976 in
571 1913 723 1996 Hispania
736 1914 767 1976 et
782 1912 945 1976 Lusitania
961 1913 1087 1987 Decani,

117 2009 149 2073 in
173 2009 346 2075 Germania
369 2011 551 2094 Praepositi.
579 2011 745 2076 Caeterum
774 2009 862 2074 hodie
885 2031 959 2072 uera
982 2009 1087 2090 officia

118 2113 195 2170 sant
220 2106 279 2170 illa
295 2107 355 2172 duo
378 2129 458 2190 qaae
481 2111 575 2175 01111.
599 2107 708 2172 Later.
727 2107 786 2170 IV
803 2108 950 2183 institnit,
971 2102 1088 2170 seilicet

119 2203 286 2268 Tunonoor
306 2209 336 2268 et
358 2205 622 2282 Pouurnnurnnu,
638 2224 711 2268 nam
728 2205 808 2268 aliae
824 2205 995 2288 dignitates
1015 2205 1087 2268 sunt

12 2356 13 2360 ,
116 2304 228 2383 potius
253 2305 376 2366 nomine
407 2303 530 2368 honoris
554 2305 586 2366 et
608 2303 779 2384 diynitotes
806 2306 957 2377 ventosae,
983 2303 1018 2366 ut
1042 2303 1087 2366 ait

11 2509 12 2516 ¹
118 2399 244 2562 solli.
268 2535 312 2546 -
334 2499 393 2562 111.
408 2497 525 2563 Munus
540 2499 795 2562 Posurnsunnau
810 2499 857 2560 est
867 2496 1005 2561 fidelium
1021 2516 1089 2561 con-

10 2591 12 2628 *
118 2599 270 2663 sessiones
293 2598 419 2669 audire:
444 2598 492 2662 est
514 2597 595 2660 enim
619 2595 709 2676 quasi
731 2595 883 2678 parochus
906 2595 1088 2660 111111111-

10 2749 11 2754 ,
117 2698 221 2760 sarius
246 2695 345 2759 totius
368 2695 531 2758 Dioeoeeis.
556 2692 710 2759 Canonico
733 2693 984 2770 Poenitentiario,
1013 2693 1087 2756 dum

165 2876 175 2910 ¹
195 2877 263 2930 Non
284 2881 381 2930 tamen
399 2880 526 2945 tempore
551 2875 694 2930 Adventus
715 2879 743 2928 et
763 2875 1011 2942 Quadragesimaa
1031 2892 1086 2942 quo

121 2983 219 3020 omnes
234 2966 317 3020 choro
330 2965 468 3020 interesse
481 2964 595 3028 debent,
609 2967 638 3017 11
657 2961 667 2985 “
685 2962 772 3016 salvis
787 2962 970 3016 nihilominus
990 2979 1086 3015 earum

120 3055 313 3110 Ecclesiarum
333 3053 597 3117 constitutionibus,
617 3069 690 3120 quae
710 3052 821 3119 longius
846 3051 955 3104 servitii
975 3055 1086 3118 tempus

121 3145 285 3214 requirunt:
311 3143 438 3212 alioquin
462 3143 554 3212 primo
577 3159 651 3196 anno
679 3142 806 3209 privetur
831 3141 1025 3208 unusquisque
1044 3140 1087 3193 di·

121 3235 210 3288 midia
237 3238 318 3301 parte
344 3233 495 3295 fructuum,
516 3232 715 3300 quaeratione
741 3231 828 3284 etiarn
853 3230 1034 3298 praebendae
1054 3246 1086 3283 ac

121 3325 295 3380 residentiae
317 3324 387 3378 fecit
406 3341 486 3378 suos:
506 3322 581 3390 quod
607 3321 630 3374 si
655 3321 758 3375 iterum
787 3321 885 3374 eadem
914 3319 1001 3374 fuerit
1020 3337 1086 3373 usus

10 3463 34 3486 ,A
123 3413 309 3484 negligentia,
329 3413 456 3480 privetur
483 3412 613 3466 omnibus
634 3411 783 3473 fructibus,
804 3427 873 3478 quos
893 3410 992 3463 eodem
1012 3427 1086 3463 anno

117 3501 248 3556 ⁴lucratus
268 3501 370 3556 fuerit:
385 3504 528 3556 crescente
541 3517 607 3554 vero
620 3498 808 3560 contumacia,
823 3500 990 3562 contraeas,
1006 3497 1087 3550 iuxta

124 3608 267 3646 sacrorum
292 3607 433 3645 canonum
461 3588 689 3647 constitutiones,
709 3587 878 3656 procedatur
901 3627 911 3651 „
937 3585 968 3652 (S
997 3584 1025 3639 0.
1047 3583 1085 3650 0,

10 3755 11 3758 p
117 3682 360 3753 Υ1111111111).
