2758 4270
287 1533 377 1598 one.
391 1535 415 1597 1.
427 1571 466 1580 -
480 1533 535 1596 nn
548 1531 681 1597 ansus
697 1504 1251 1598 nocnnsrnn'rnnroannrnns

661 1701 874 1710 —n-——u-—n—

488 1857 566 1920 Anu.
590 1857 616 1920 Ι.
640 1855 691 1923 Ile
713 1855 831 1923 nepus
853 1857 1054 1925 mobilibus.
1143 1891 1148 1900 ·

334 2010 409 2072 993.
423 2047 466 2056 —-
485 2010 747 2075 praenotandum.
764 2008 896 2088 -Quia
911 2011 984 2073 rucei
998 2009 1124 2074 Iuliani
1138 2012 1248 2076 nostris

288 2107 481 2189 temporibus
504 2101 673 2172 Ecclesiam
697 2107 781 2172 omni
803 2126 846 2183 re,
864 2107 1008 2188 omnique
1032 2108 1170 2173 dominio
1193 2111 1250 2192 pri·

289 2224 361 2269 vare
377 2206 537 2280 conantur,
551 2205 588 2269 ut
603 2205 729 2270 tandem
751 2207 852 2287 ipsam
869 2205 1037 2270 Ecclesiam
1054 2207 1095 2290 (si
1110 2208 1249 2290 possibile

288 2304 383 2385 esset)
411 2302 567 2367 destruere
591 2303 725 2379 valeant,
751 2301 873 2385 expedit
901 2305 937 2367 ut
968 2303 1155 2370 Canonistae
1185 2307 1249 2371 iura

286 2401 472 2484 temporalia
496 2402 649 2466 Ecclesiae
672 2401 793 2466 fortiter
817 2401 991 2480 defendant,
1007 2405 1170 2486 praecipue
1185 2423 1250 2469 con·

334 2603 451 2660 ¹Nons:
469 2606 490 2659 Ι.
503 2606 558 2661 Rei
575 2607 687 2660 nomime
705 2605 735 2659 in
754 2606 816 2660 iure
830 2607 965 2661 canonico
985 2607 1160 2676 intelligitur
1175 2609 1250 2678 quid·

289 2697 358 2764 quid
377 2695 407 2750 in
426 2697 552 2751 Ecclesia
571 2700 614 2751 est
636 2701 717 2750 extra
741 2713 876 2764 personas
902 2701 931 2751 st
954 2697 1067 2751 iudicia.
1088 2725 1123 2734 -
1141 2699 1178 2754 ll.
1198 2699 1250 2752 Res
1306 2691 1308 2696 ’

289 2786 498 2840 ecclesiasticae
511 2789 577 2841 sunt
591 2787 761 2854 spirituales,
776 2786 798 2838 si
814 2786 851 2839 md
864 2787 1022 2840 animarum
1035 2787 1158 2842 salutem
1174 2792 1249 2843 totae

290 2871 459 2937 referuntur,
469 2875 501 2926 nt
512 2875 697 2938 sacramenta,
709 2871 824 2934 ieiunia,
836 2889 905 2926 vasa
915 2890 1004 2937 sacra,
1015 2874 1191 2928 monasteria
1201 2879 1251 2929 etc.

290 2961 435 3017 Vocantur
446 2979 489 3016 res
505 2963 668 3030 temporales
687 2961 812 3014 redditus
828 2965 856 3014 et
869 2960 951 3014 fundi
970 2960 1168 3026 ecclesiarum
1182 2963 1252 3016 istae

289 3067 333 3104 res
352 3050 522 3118 temporales
542 3067 626 3118 saepe
645 3050 776 3103 dicuntur
796 3049 967 3117 spirituales,
985 3052 1125 3117 quatenns
1146 3051 1253 3104 scilicet

291 3140 449 3194 inserviunt
466 3139 549 3193 rebus
568 3139 771 3207 spiritualibus.
785 3167 817 3174 -
836 3138 884 3191 III.
901 3138 930 3191 In
945 3157 1010 3191 ruas
1023 3156 1109 3192 crvmr
1127 3156 1172 3192 res
1189 3139 1254 3192 divi·

291 3229 409 3284 duntur:
431 3230 458 3283 1⁰
477 3229 507 3282 in
526 3229 725 3296 incorporales,
746 3244 819 3296 quae
841 3227 922 3296 tangi
942 3231 1095 3295 nequeunt,
1115 3231 1148 3282 ut
1168 3229 1253 3283 servi·

291 3325 376 3383 tutes,
396 3324 424 3374 et
443 3321 607 3388 corporales,
627 3323 659 3373 ut
678 3335 791 3382 aarum
812 3319 841 3370 2⁰
862 3316 891 3370 in
909 3318 1067 3380 immobiles,
1087 3321 1117 3371 et
1135 3319 1252 3381 mobiles,

291 3406 421 3478 (mobiles
441 3409 515 3464 eliac
534 3409 666 3462 dicuntur
687 3415 878 3470 semoventes,
898 3405 972 3460 aliae
991 3407 1159 3482 simpliciter
1175 3397 1253 3462 moli·

293 3495 382 3568 les...);
401 3501 430 3554 3⁰
450 3499 479 3552 in
498 3514 601 3558 sacras,
620 3505 732 3552 semeias
752 3499 780 3550 et
802 3497 953 3564 relipiosas.
975 3521 1010 3532 —
1029 3493 1086 3548 Cir.
1107 3495 1253 3556 Gonnalez,

292 3589 329 3642 ad
354 3607 414 3658 cap.
434 3590 454 3654 I,
481 3590 515 3644 ele
537 3589 660 3656 Pipmor,
680 3605 708 3641 n.
728 3586 752 3640 8.
773 3613 807 3622 -
835 3583 882 3638 IV.
903 3585 943 3638 De
970 3584 1171 3651 Sacramentis,
1193 3585 1252 3640 vide

295 3677 391 3734 Theoi.
405 3679 550 3733 Moralem.
