<?xml version="1.0" encoding="UTF-8"?>
<!DOCTYPE html PUBLIC "-//W3C//DTD XHTML 1.0 Transitional//EN"
    "http://www.w3.org/TR/xhtml1/DTD/xhtml1-transitional.dtd">
<html xmlns="http://www.w3.org/1999/xhtml" xml:lang="en" lang="en">
 <head>
  <title>
</title>
<meta http-equiv="Content-Type" content="text/html;charset=utf-8" />
  <meta name='ocr-system' content='tesseract 3.04.00' />
  <meta name='ocr-capabilities' content='ocr_page ocr_carea ocr_par ocr_line ocrx_word'/>
</head>
<body>
  <div class='ocr_page' id='page_1' title='image "./compendiumiuris00tutgoog_0150.png"; bbox 0 0 2818 4276; ppageno 0'>
   <div class='ocr_carea' id='block_1_1' title="bbox 366 241 1107 296">
    <p class='ocr_par' dir='ltr' id='par_1_1' title="bbox 366 241 1107 296">
     <span class='ocr_line' id='line_1_1' title="bbox 366 241 1107 296; baseline 0.005 -5"><span class='ocrx_word' id='word_1_1' title='bbox 366 245 431 292; x_wconf 74' lang='lat' dir='ltr'><strong>CAP·</strong></span> <span class='ocrx_word' id='word_1_2' title='bbox 455 246 476 292; x_wconf 91' lang='lat'>1.</span> <span class='ocrx_word' id='word_1_3' title='bbox 501 246 540 291; x_wconf 88' lang='lat' dir='ltr'>DE</span> <span class='ocrx_word' id='word_1_4' title='bbox 565 245 693 292; x_wconf 77' lang='lat' dir='ltr'>ROMANO</span> <span class='ocrx_word' id='word_1_5' title='bbox 717 243 875 291; x_wconf 80' lang='lat' dir='ltr'>PONTIFICE</span> <span class='ocrx_word' id='word_1_6' title='bbox 1060 241 1107 296; x_wconf 81' lang='grc'>141</span> 
     </span>
    </p>
   </div>
   <div class='ocr_carea' id='block_1_2' title="bbox 134 438 1112 2776">
    <p class='ocr_par' dir='ltr' id='par_1_2' title="bbox 136 438 1112 1110">
     <span class='ocr_line' id='line_1_2' title="bbox 137 438 1111 524; baseline 0.004 -19"><span class='ocrx_word' id='word_1_7' title='bbox 137 442 239 522; x_wconf 86' lang='lat' dir='ltr'>appel.</span> <span class='ocrx_word' id='word_1_8' title='bbox 264 440 386 521; x_wconf 83' lang='lat' dir='ltr'><em>Papae,</em></span> <span class='ocrx_word' id='word_1_9' title='bbox 411 443 462 524; x_wconf 83' lang='lat'>3):</span> <span class='ocrx_word' id='word_1_10' title='bbox 490 441 642 508; x_wconf 81' lang='lat' dir='ltr'>«Sentire</span> <span class='ocrx_word' id='word_1_11' title='bbox 665 441 748 524; x_wconf 86' lang='lat' dir='ltr'>qued</span> <span class='ocrx_word' id='word_1_12' title='bbox 771 461 790 504; x_wconf 92' lang='lat' dir='ltr'>a</span> <span class='ocrx_word' id='word_1_13' title='bbox 813 440 899 523; x_wconf 89' lang='lat' dir='ltr'>Papa</span> <span class='ocrx_word' id='word_1_14' title='bbox 930 441 969 504; x_wconf 92' lang='lat' dir='ltr'>ad</span> <span class='ocrx_word' id='word_1_15' title='bbox 994 438 1111 509; x_wconf 85' lang='lat' dir='ltr'>Conril.</span> 
     </span>
     <span class='ocr_line' id='line_1_3' title="bbox 137 539 1111 622; baseline -0.002 -18"><span class='ocrx_word' id='word_1_16' title='bbox 137 540 289 622; x_wconf 88' lang='lat' dir='ltr'>appellari</span> <span class='ocrx_word' id='word_1_17' title='bbox 305 540 412 622; x_wconf 79' lang='lat' dir='ltr'>possit,</span> <span class='ocrx_word' id='word_1_18' title='bbox 429 541 476 606; x_wconf 90' lang='lat' dir='ltr'>est</span> <span class='ocrx_word' id='word_1_19' title='bbox 500 541 699 616; x_wconf 89' lang='lat' dir='ltr'>haereticum,</span> <span class='ocrx_word' id='word_1_20' title='bbox 716 542 748 603; x_wconf 89' lang='lat' dir='ltr'>et</span> <span class='ocrx_word' id='word_1_21' title='bbox 767 540 875 604; x_wconf 89' lang='lat' dir='ltr'>contra</span> <span class='ocrx_word' id='word_1_22' title='bbox 891 539 980 603; x_wconf 92' lang='lat' dir='ltr'>illum</span> <span class='ocrx_word' id='word_1_23' title='bbox 998 539 1111 602; x_wconf 86' lang='lat' dir='ltr'>articu-</span> 
     </span>
     <span class='ocr_line' id='line_1_4' title="bbox 137 636 1112 712; baseline 0 -12"><span class='ocrx_word' id='word_1_24' title='bbox 137 638 203 702; x_wconf 92' lang='lat' dir='ltr'>lum</span> <span class='ocrx_word' id='word_1_25' title='bbox 228 636 261 702; x_wconf 80' lang='lat' dir='ltr'>S.</span> <span class='ocrx_word' id='word_1_26' title='bbox 286 636 462 702; x_wconf 74' lang='lat' dir='ltr'><em>Ecclesiam</em></span> <span class='ocrx_word' id='word_1_27' title='bbox 496 637 708 712; x_wconf 73' lang='lat' dir='ltr'>Oatlrolc&#39;camr</span> <span class='ocrx_word' id='word_1_28' title='bbox 733 657 804 702; x_wconf 89' lang='lat' dir='ltr'>nam</span> <span class='ocrx_word' id='word_1_29' title='bbox 830 637 856 700; x_wconf 89' lang='lat' dir='ltr'>si</span> <span class='ocrx_word' id='word_1_30' title='bbox 879 637 1001 701; x_wconf 91' lang='lat' dir='ltr'>licitum</span> <span class='ocrx_word' id='word_1_31' title='bbox 1030 639 1112 702; x_wconf 85' lang='lat' dir='ltr'>esset</span> 
     </span>
     <span class='ocr_line' id='line_1_5' title="bbox 136 735 1111 818; baseline 0 -18"><span class='ocrx_word' id='word_1_32' title='bbox 136 735 294 818; x_wconf 88' lang='lat' dir='ltr'>appellere</span> <span class='ocrx_word' id='word_1_33' title='bbox 324 755 343 799; x_wconf 89' lang='lat' dir='ltr'>a</span> <span class='ocrx_word' id='word_1_34' title='bbox 374 735 469 818; x_wconf 86' lang='lat' dir='ltr'>Papa,</span> <span class='ocrx_word' id='word_1_35' title='bbox 494 738 526 800; x_wconf 90' lang='lat' dir='ltr'>et</span> <span class='ocrx_word' id='word_1_36' title='bbox 556 736 672 800; x_wconf 84' lang='lat' dir='ltr'>illaad</span> <span class='ocrx_word' id='word_1_37' title='bbox 696 755 787 818; x_wconf 86' lang='lat' dir='ltr'>quem</span> <span class='ocrx_word' id='word_1_38' title='bbox 818 735 1005 818; x_wconf 86' lang='lat' dir='ltr'>appellatur,</span> <span class='ocrx_word' id='word_1_39' title='bbox 1029 737 1111 800; x_wconf 87' lang='lat' dir='ltr'>esset</span> 
     </span>
     <span class='ocr_line' id='line_1_6' title="bbox 136 830 1112 916; baseline -0.002 -18"><span class='ocrx_word' id='word_1_40' title='bbox 136 831 252 915; x_wconf 80' lang='lat' dir='ltr'>Caput,</span> <span class='ocrx_word' id='word_1_41' title='bbox 276 833 320 896; x_wconf 91' lang='lat' dir='ltr'>sic</span> <span class='ocrx_word' id='word_1_42' title='bbox 343 833 428 915; x_wconf 88' lang='lat' dir='ltr'>Papa</span> <span class='ocrx_word' id='word_1_43' title='bbox 452 851 509 898; x_wconf 92' lang='lat' dir='ltr'>non</span> <span class='ocrx_word' id='word_1_44' title='bbox 534 835 616 898; x_wconf 78' lang='lat' dir='ltr'>esset</span> <span class='ocrx_word' id='word_1_45' title='bbox 639 833 751 916; x_wconf 83' lang='lat' dir='ltr'>Caput,</span> <span class='ocrx_word' id='word_1_46' title='bbox 776 834 825 898; x_wconf 87' lang='lat' dir='ltr'>vel</span> <span class='ocrx_word' id='word_1_47' title='bbox 845 836 946 898; x_wconf 87' lang='lat' dir='ltr'>essent</span> <span class='ocrx_word' id='word_1_48' title='bbox 970 831 1030 897; x_wconf 79' lang='lat' dir='ltr'>duro</span> <span class='ocrx_word' id='word_1_49' title='bbox 1055 830 1112 896; x_wconf 79' lang='lat' dir='ltr'>Ca-</span> 
     </span>
     <span class='ocr_line' id='line_1_7' title="bbox 137 927 1109 1012; baseline -0.001 -18"><span class='ocrx_word' id='word_1_50' title='bbox 137 931 215 1012; x_wconf 83' lang='lat' dir='ltr'>pita,</span> <span class='ocrx_word' id='word_1_51' title='bbox 245 929 327 1012; x_wconf 90' lang='lat' dir='ltr'>quad</span> <span class='ocrx_word' id='word_1_52' title='bbox 348 932 429 994; x_wconf 88' lang='lat' dir='ltr'>esset</span> <span class='ocrx_word' id='word_1_53' title='bbox 460 933 690 996; x_wconf 89' lang='lat' dir='ltr'>monstruosum</span> <span class='ocrx_word' id='word_1_54' title='bbox 703 955 734 994; x_wconf 84' lang='lat'>».</span> <span class='ocrx_word' id='word_1_55' title='bbox 763 967 805 976; x_wconf 88' lang='lat'>-</span> <span class='ocrx_word' id='word_1_56' title='bbox 823 927 954 994; x_wconf 80' lang='lat' dir='ltr'>Constat</span> <span class='ocrx_word' id='word_1_57' title='bbox 971 949 1006 994; x_wconf 82' lang='lat' dir='ltr'>er</span> <span class='ocrx_word' id='word_1_58' title='bbox 1019 927 1109 994; x_wconf 78' lang='lat' dir='ltr'>Corra.</span> 
     </span>
     <span class='ocr_line' id='line_1_8' title="bbox 140 1027 542 1110; baseline 0.002 -20"><span class='ocrx_word' id='word_1_59' title='bbox 140 1027 294 1092; x_wconf 88' lang='lat' dir='ltr'>Vaticano</span> <span class='ocrx_word' id='word_1_60' title='bbox 318 1047 411 1110; x_wconf 89' lang='lat' dir='ltr'>supra</span> <span class='ocrx_word' id='word_1_61' title='bbox 434 1028 542 1096; x_wconf 89' lang='lat' dir='ltr'>citato.</span> 
     </span>
    </p>

    <p class='ocr_par' dir='ltr' id='par_1_3' title="bbox 134 1125 1111 2776">
     <span class='ocr_line' id='line_1_9' title="bbox 185 1125 1111 1209; baseline 0.001 -22"><span class='ocrx_word' id='word_1_62' title='bbox 185 1125 262 1188; x_wconf 76' lang='lat'><strong>427.</strong></span> <span class='ocrx_word' id='word_1_63' title='bbox 279 1163 323 1172; x_wconf 91' lang='lat'><strong>-</strong></span> <span class='ocrx_word' id='word_1_64' title='bbox 348 1129 391 1192; x_wconf 86' lang='lat' dir='ltr'>lte</span> <span class='ocrx_word' id='word_1_65' title='bbox 416 1127 484 1193; x_wconf 89' lang='lat' dir='ltr'>iore</span> <span class='ocrx_word' id='word_1_66' title='bbox 510 1127 682 1209; x_wconf 88' lang='lat' dir='ltr'>reeipiendi</span> <span class='ocrx_word' id='word_1_67' title='bbox 708 1128 892 1193; x_wconf 78' lang='lat' dir='ltr'>relationes.</span> <span class='ocrx_word' id='word_1_68' title='bbox 910 1161 952 1172; x_wconf 90' lang='lat'>-</span> <span class='ocrx_word' id='word_1_69' title='bbox 970 1125 994 1188; x_wconf 92' lang='lat' dir='ltr'>l.</span> <span class='ocrx_word' id='word_1_70' title='bbox 1019 1125 1111 1190; x_wconf 91' lang='lat' dir='ltr'>Boni·</span> 
     </span>
     <span class='ocr_line' id='line_1_10' title="bbox 137 1223 1111 1306; baseline 0.001 -20"><span class='ocrx_word' id='word_1_71' title='bbox 137 1223 238 1288; x_wconf 84' lang='lat' dir='ltr'>tacius</span> <span class='ocrx_word' id='word_1_72' title='bbox 261 1223 287 1298; x_wconf 85' lang='grc' dir='ltr'>Ι,</span> <span class='ocrx_word' id='word_1_73' title='bbox 304 1224 393 1306; x_wconf 89' lang='lat' dir='ltr'>epist.</span> <span class='ocrx_word' id='word_1_74' title='bbox 421 1225 460 1288; x_wconf 89' lang='lat'>15</span> <span class='ocrx_word' id='word_1_75' title='bbox 484 1224 528 1288; x_wconf 86' lang='lat' dir='ltr'>ad</span> <span class='ocrx_word' id='word_1_76' title='bbox 550 1223 681 1303; x_wconf 76' lang='lat' dir='ltr'>Referre,</span> <span class='ocrx_word' id='word_1_77' title='bbox 705 1225 751 1289; x_wconf 90' lang='lat' dir='ltr'>ita</span> <span class='ocrx_word' id='word_1_78' title='bbox 774 1224 899 1288; x_wconf 80' lang='lat' dir='ltr'>scribit:</span> <span class='ocrx_word' id='word_1_79' title='bbox 928 1223 1111 1288; x_wconf 74' lang='lat' dir='ltr'>&lt;Mammas</span> 
     </span>
     <span class='ocr_line' id='line_1_11' title="bbox 136 1320 1111 1406; baseline 0 -20"><span class='ocrx_word' id='word_1_80' title='bbox 136 1320 345 1386; x_wconf 80' lang='lat' dir='ltr'>Orientalium</span> <span class='ocrx_word' id='word_1_81' title='bbox 369 1321 521 1386; x_wconf 86' lang='lat' dir='ltr'>Ecclesias</span> <span class='ocrx_word' id='word_1_82' title='bbox 556 1324 586 1386; x_wconf 94' lang='lat' dir='ltr'>in</span> <span class='ocrx_word' id='word_1_83' title='bbox 620 1323 742 1406; x_wconf 88' lang='lat' dir='ltr'>magnis</span> <span class='ocrx_word' id='word_1_84' title='bbox 775 1323 918 1406; x_wconf 85' lang='lat' dir='ltr'>negotiis,</span> <span class='ocrx_word' id='word_1_85' title='bbox 942 1321 973 1386; x_wconf 93' lang='lat' dir='ltr'>in</span> <span class='ocrx_word' id='word_1_86' title='bbox 998 1321 1111 1404; x_wconf 89' lang='lat' dir='ltr'>quibus</span> 
     </span>
     <span class='ocr_line' id='line_1_12' title="bbox 136 1419 1109 1502; baseline -0.002 -18"><span class='ocrx_word' id='word_1_87' title='bbox 136 1439 217 1502; x_wconf 91' lang='lat' dir='ltr'>opus</span> <span class='ocrx_word' id='word_1_88' title='bbox 241 1420 321 1484; x_wconf 90' lang='lat' dir='ltr'>esset</span> <span class='ocrx_word' id='word_1_89' title='bbox 337 1419 560 1502; x_wconf 80' lang='lat' dir='ltr'>disceptatione</span> <span class='ocrx_word' id='word_1_90' title='bbox 584 1421 705 1496; x_wconf 89' lang='lat' dir='ltr'>maiori,</span> <span class='ocrx_word' id='word_1_91' title='bbox 726 1421 836 1484; x_wconf 85' lang='lat' dir='ltr'>Sedem</span> <span class='ocrx_word' id='word_1_92' title='bbox 860 1437 980 1501; x_wconf 82' lang='lat' dir='ltr'>semper</span> <span class='ocrx_word' id='word_1_93' title='bbox 1002 1437 1109 1483; x_wconf 90' lang='lat' dir='ltr'>consu-</span> 
     </span>
     <span class='ocr_line' id='line_1_13' title="bbox 134 1515 1108 1602; baseline -0.001 -21"><span class='ocrx_word' id='word_1_94' title='bbox 134 1518 232 1582; x_wconf 92' lang='lat' dir='ltr'>luisse</span> <span class='ocrx_word' id='word_1_95' title='bbox 255 1519 439 1592; x_wconf 77' lang='lat' dir='ltr'>Romanam,</span> <span class='ocrx_word' id='word_1_96' title='bbox 457 1520 489 1582; x_wconf 90' lang='lat' dir='ltr'>et</span> <span class='ocrx_word' id='word_1_97' title='bbox 505 1519 625 1599; x_wconf 87' lang='lat' dir='ltr'>quoties</span> <span class='ocrx_word' id='word_1_98' title='bbox 648 1537 723 1582; x_wconf 91' lang='lat' dir='ltr'>usus</span> <span class='ocrx_word' id='word_1_99' title='bbox 746 1517 852 1602; x_wconf 84' lang='lat' dir='ltr'>exigit,</span> <span class='ocrx_word' id='word_1_100' title='bbox 869 1515 935 1580; x_wconf 88' lang='lat' dir='ltr'>eius</span> <span class='ocrx_word' id='word_1_101' title='bbox 958 1515 1108 1580; x_wconf 81' lang='lat' dir='ltr'>aronilium</span> 
     </span>
     <span class='ocr_line' id='line_1_14' title="bbox 134 1614 1110 1698; baseline -0.002 -18"><span class='ocrx_word' id='word_1_102' title='bbox 134 1617 323 1698; x_wconf 83' lang='lat' dir='ltr'>postulasse.</span> <span class='ocrx_word' id='word_1_103' title='bbox 348 1617 482 1682; x_wconf 89' lang='lat' dir='ltr'>Sanctae</span> <span class='ocrx_word' id='word_1_104' title='bbox 513 1617 680 1681; x_wconf 88' lang='lat' dir='ltr'>memoriae</span> <span class='ocrx_word' id='word_1_105' title='bbox 703 1615 897 1680; x_wconf 82' lang='lat' dir='ltr'>Athanasius</span> <span class='ocrx_word' id='word_1_106' title='bbox 931 1615 976 1679; x_wconf 92' lang='lat' dir='ltr'>et.</span> <span class='ocrx_word' id='word_1_107' title='bbox 997 1614 1110 1678; x_wconf 87' lang='lat' dir='ltr'>Petrus</span> 
     </span>
     <span class='ocr_line' id='line_1_15' title="bbox 135 1711 1108 1780; baseline -0.002 -2"><span class='ocrx_word' id='word_1_108' title='bbox 135 1714 364 1778; x_wconf 82' lang='lat' dir='ltr'>Alexandrinae</span> <span class='ocrx_word' id='word_1_109' title='bbox 377 1714 558 1780; x_wconf 78' lang='lat' dir='ltr'>Sacerdotes</span> <span class='ocrx_word' id='word_1_110' title='bbox 575 1714 728 1778; x_wconf 81' lang='lat' dir='ltr'>Ecclesiae</span> <span class='ocrx_word' id='word_1_111' title='bbox 743 1713 837 1778; x_wconf 90' lang='lat' dir='ltr'>huius</span> <span class='ocrx_word' id='word_1_112' title='bbox 855 1712 942 1778; x_wconf 79' lang='lat' dir='ltr'>Sedis</span> <span class='ocrx_word' id='word_1_113' title='bbox 958 1711 1108 1776; x_wconf 84' lang='lat' dir='ltr'>auxilium</span> 
     </span>
     <span class='ocr_line' id='line_1_16' title="bbox 136 1810 1109 1894; baseline -0.002 -18"><span class='ocrx_word' id='word_1_114' title='bbox 136 1813 345 1894; x_wconf 86' lang='lat' dir='ltr'>postularunt.</span> <span class='ocrx_word' id='word_1_115' title='bbox 370 1811 449 1877; x_wconf 89' lang='lat' dir='ltr'>Cum</span> <span class='ocrx_word' id='word_1_116' title='bbox 479 1811 694 1876; x_wconf 83' lang='lat' dir='ltr'>Anthicchena</span> <span class='ocrx_word' id='word_1_117' title='bbox 725 1811 861 1876; x_wconf 82' lang='lat' dir='ltr'>Ecclesia</span> <span class='ocrx_word' id='word_1_118' title='bbox 892 1829 946 1892; x_wconf 92' lang='lat' dir='ltr'>per</span> <span class='ocrx_word' id='word_1_119' title='bbox 972 1810 1109 1874; x_wconf 89' lang='lat' dir='ltr'>multum</span> 
     </span>
     <span class='ocr_line' id='line_1_17' title="bbox 136 1909 1108 1992; baseline -0.002 -18"><span class='ocrx_word' id='word_1_120' title='bbox 136 1915 262 1992; x_wconf 89' lang='lat' dir='ltr'>tempus</span> <span class='ocrx_word' id='word_1_121' title='bbox 278 1911 444 1987; x_wconf 86' lang='lat' dir='ltr'>laboraret,</span> <span class='ocrx_word' id='word_1_122' title='bbox 458 1911 503 1975; x_wconf 90' lang='lat' dir='ltr'>ita</span> <span class='ocrx_word' id='word_1_123' title='bbox 515 1911 552 1974; x_wconf 86' lang='lat' dir='ltr'>ut</span> <span class='ocrx_word' id='word_1_124' title='bbox 568 1909 677 1975; x_wconf 88' lang='lat' dir='ltr'>fierent</span> <span class='ocrx_word' id='word_1_125' title='bbox 692 1909 777 1974; x_wconf 91' lang='lat' dir='ltr'>illine</span> <span class='ocrx_word' id='word_1_126' title='bbox 792 1911 919 1992; x_wconf 89' lang='lat' dir='ltr'>propter</span> <span class='ocrx_word' id='word_1_127' title='bbox 934 1909 991 1972; x_wconf 91' lang='lat' dir='ltr'>hoe</span> <span class='ocrx_word' id='word_1_128' title='bbox 1007 1909 1108 1990; x_wconf 91' lang='lat' dir='ltr'>ipsum</span> 
     </span>
     <span class='ocr_line' id='line_1_18' title="bbox 137 2005 1110 2091; baseline -0.002 -19"><span class='ocrx_word' id='word_1_129' title='bbox 137 2008 419 2090; x_wconf 70' lang='lat' dir='ltr'>saepedissimam,</span> <span class='ocrx_word' id='word_1_130' title='bbox 453 2009 553 2091; x_wconf 85' lang='lat' dir='ltr'>primo</span> <span class='ocrx_word' id='word_1_131' title='bbox 578 2007 635 2072; x_wconf 91' lang='lat' dir='ltr'>snb</span> <span class='ocrx_word' id='word_1_132' title='bbox 667 2006 806 2079; x_wconf 83' lang='lat' dir='ltr'>Meletio,</span> <span class='ocrx_word' id='word_1_133' title='bbox 830 2008 937 2088; x_wconf 89' lang='lat' dir='ltr'>postea</span> <span class='ocrx_word' id='word_1_134' title='bbox 961 2005 1018 2070; x_wconf 89' lang='lat' dir='ltr'>sub</span> <span class='ocrx_word' id='word_1_135' title='bbox 1041 2005 1110 2070; x_wconf 84' lang='lat' dir='ltr'>Fla-</span> 
     </span>
     <span class='ocr_line' id='line_1_19' title="bbox 138 2103 1111 2188; baseline -0.002 -20"><span class='ocrx_word' id='word_1_136' title='bbox 138 2105 231 2170; x_wconf 89' lang='lat' dir='ltr'>viano</span> <span class='ocrx_word' id='word_1_137' title='bbox 248 2105 460 2188; x_wconf 70' lang='lat' dir='ltr'>apostolicam</span> <span class='ocrx_word' id='word_1_138' title='bbox 485 2104 593 2170; x_wconf 86' lang='lat' dir='ltr'>Sedem</span> <span class='ocrx_word' id='word_1_139' title='bbox 617 2104 817 2168; x_wconf 84' lang='lat' dir='ltr'>manifestum</span> <span class='ocrx_word' id='word_1_140' title='bbox 834 2107 882 2168; x_wconf 90' lang='lat' dir='ltr'>est</span> <span class='ocrx_word' id='word_1_141' title='bbox 905 2121 969 2168; x_wconf 90' lang='lat' dir='ltr'>esse</span> <span class='ocrx_word' id='word_1_142' title='bbox 992 2103 1111 2168; x_wconf 88' lang='lat' dir='ltr'>consul·</span> 
     </span>
     <span class='ocr_line' id='line_1_20' title="bbox 137 2200 1111 2285; baseline -0.003 -19"><span class='ocrx_word' id='word_1_143' title='bbox 137 2205 206 2266; x_wconf 90' lang='lat' dir='ltr'>tam</span> <span class='ocrx_word' id='word_1_144' title='bbox 220 2228 250 2266; x_wconf 84' lang='lat'>».</span> <span class='ocrx_word' id='word_1_145' title='bbox 264 2239 307 2250; x_wconf 96' lang='lat'><em>-</em></span> <span class='ocrx_word' id='word_1_146' title='bbox 323 2204 364 2267; x_wconf 88' lang='lat' dir='ltr'>ll.</span> <span class='ocrx_word' id='word_1_147' title='bbox 386 2229 402 2262; x_wconf 84' lang='grc'><strong>«</strong></span> <span class='ocrx_word' id='word_1_148' title='bbox 416 2205 450 2268; x_wconf 85' lang='lat' dir='ltr'>Si</span> <span class='ocrx_word' id='word_1_149' title='bbox 466 2223 544 2285; x_wconf 89' lang='lat' dir='ltr'>quae</span> <span class='ocrx_word' id='word_1_150' title='bbox 560 2203 730 2268; x_wconf 87' lang='lat' dir='ltr'>certamina</span> <span class='ocrx_word' id='word_1_151' title='bbox 754 2203 811 2266; x_wconf 89' lang='lat' dir='ltr'>aut</span> <span class='ocrx_word' id='word_1_152' title='bbox 826 2201 863 2266; x_wconf 92' lang='lat' dir='ltr'>de</span> <span class='ocrx_word' id='word_1_153' title='bbox 879 2200 1036 2284; x_wconf 84' lang='lat' dir='ltr'>religione,</span> <span class='ocrx_word' id='word_1_154' title='bbox 1053 2203 1111 2264; x_wconf 89' lang='lat' dir='ltr'>aut</span> 
     </span>
     <span class='ocr_line' id='line_1_21' title="bbox 137 2298 1109 2385; baseline -0.004 -21"><span class='ocrx_word' id='word_1_155' title='bbox 137 2301 178 2364; x_wconf 90' lang='lat' dir='ltr'>de</span> <span class='ocrx_word' id='word_1_156' title='bbox 194 2301 331 2382; x_wconf 90' lang='lat' dir='ltr'>quolibet</span> <span class='ocrx_word' id='word_1_157' title='bbox 353 2302 489 2385; x_wconf 87' lang='lat' dir='ltr'>negotio,</span> <span class='ocrx_word' id='word_1_158' title='bbox 502 2301 585 2384; x_wconf 88' lang='lat' dir='ltr'>quod</span> <span class='ocrx_word' id='word_1_159' title='bbox 607 2301 649 2365; x_wconf 92' lang='lat' dir='ltr'>ibi</span> <span class='ocrx_word' id='word_1_160' title='bbox 674 2319 728 2382; x_wconf 88' lang='lat' dir='ltr'>pro</span> <span class='ocrx_word' id='word_1_161' title='bbox 744 2300 794 2364; x_wconf 90' lang='lat' dir='ltr'>sui</span> <span class='ocrx_word' id='word_1_162' title='bbox 816 2298 1031 2382; x_wconf 84' lang='lat' dir='ltr'>magnitudine</span> <span class='ocrx_word' id='word_1_163' title='bbox 1048 2299 1109 2362; x_wconf 90' lang='lat' dir='ltr'>ter·</span> 
     </span>
     <span class='ocr_line' id='line_1_22' title="bbox 137 2397 1111 2481; baseline -0.001 -19"><span class='ocrx_word' id='word_1_164' title='bbox 137 2398 252 2463; x_wconf 91' lang='lat' dir='ltr'>minari</span> <span class='ocrx_word' id='word_1_165' title='bbox 275 2417 335 2464; x_wconf 90' lang='lat' dir='ltr'>non</span> <span class='ocrx_word' id='word_1_166' title='bbox 359 2399 466 2481; x_wconf 87' lang='lat' dir='ltr'>possit,</span> <span class='ocrx_word' id='word_1_167' title='bbox 491 2399 658 2474; x_wconf 83' lang='lat' dir='ltr'>evenerint,</span> <span class='ocrx_word' id='word_1_168' title='bbox 676 2398 775 2462; x_wconf 87' lang='lat' dir='ltr'>totius</span> <span class='ocrx_word' id='word_1_169' title='bbox 798 2399 942 2462; x_wconf 86' lang='lat' dir='ltr'>veritatis</span> <span class='ocrx_word' id='word_1_170' title='bbox 964 2397 1111 2480; x_wconf 87' lang='lat' dir='ltr'>indignae</span> 
     </span>
     <span class='ocr_line' id='line_1_23' title="bbox 137 2493 1110 2580; baseline 0 -23"><span class='ocrx_word' id='word_1_171' title='bbox 137 2495 282 2580; x_wconf 85' lang='lat' dir='ltr'>diligenti</span> <span class='ocrx_word' id='word_1_172' title='bbox 305 2499 424 2562; x_wconf 88' lang='lat' dir='ltr'>ratione</span> <span class='ocrx_word' id='word_1_173' title='bbox 447 2497 596 2572; x_wconf 86' lang='lat' dir='ltr'>discussa,</span> <span class='ocrx_word' id='word_1_174' title='bbox 619 2496 750 2560; x_wconf 90' lang='lat' dir='ltr'>rationis</span> <span class='ocrx_word' id='word_1_175' title='bbox 773 2493 813 2560; x_wconf 90' lang='lat' dir='ltr'>ad</span> <span class='ocrx_word' id='word_1_176' title='bbox 843 2514 899 2560; x_wconf 89' lang='lat' dir='ltr'>nes</span> <span class='ocrx_word' id='word_1_177' title='bbox 927 2495 1035 2560; x_wconf 89' lang='lat' dir='ltr'>seriem</span> <span class='ocrx_word' id='word_1_178' title='bbox 1060 2494 1110 2558; x_wconf 89' lang='lat' dir='ltr'>de-</span> 
     </span>
     <span class='ocr_line' id='line_1_24' title="bbox 136 2589 1109 2676; baseline 0.001 -20"><span class='ocrx_word' id='word_1_179' title='bbox 136 2593 290 2664; x_wconf 83' lang='lat' dir='ltr'>stinantes</span> <span class='ocrx_word' id='word_1_180' title='bbox 302 2594 499 2676; x_wconf 69' lang='lat' dir='ltr'>apostelicae</span> <span class='ocrx_word' id='word_1_181' title='bbox 517 2594 587 2659; x_wconf 88' lang='lat' dir='ltr'>Sedi</span> <span class='ocrx_word' id='word_1_182' title='bbox 604 2593 799 2658; x_wconf 91' lang='lat' dir='ltr'>terminanda</span> <span class='ocrx_word' id='word_1_183' title='bbox 816 2595 937 2658; x_wconf 85' lang='lat' dir='ltr'>servate</span> <span class='ocrx_word' id='word_1_184' title='bbox 948 2619 979 2654; x_wconf 70' lang='lat' dir='ltr'>s.</span> <span class='ocrx_word' id='word_1_185' title='bbox 998 2589 1109 2676; x_wconf 81' lang='lat' dir='ltr'>(Vigil.</span> 
     </span>
     <span class='ocr_line' id='line_1_25' title="bbox 137 2691 1111 2776; baseline -0.001 -20"><span class='ocrx_word' id='word_1_186' title='bbox 137 2694 228 2772; x_wconf 83' lang='lat' dir='ltr'>epist.</span> <span class='ocrx_word' id='word_1_187' title='bbox 254 2693 298 2776; x_wconf 86' lang='lat'>7).</span> <span class='ocrx_word' id='word_1_188' title='bbox 315 2729 358 2739; x_wconf 91' lang='lat'>-</span> <span class='ocrx_word' id='word_1_189' title='bbox 380 2693 439 2756; x_wconf 87' lang='grc' dir='ltr'><strong>ΙΙΙ.</strong></span> <span class='ocrx_word' id='word_1_190' title='bbox 467 2693 530 2757; x_wconf 81' lang='lat' dir='ltr'>«si</span> <span class='ocrx_word' id='word_1_191' title='bbox 554 2711 615 2773; x_wconf 87' lang='lat' dir='ltr'>qua</span> <span class='ocrx_word' id='word_1_192' title='bbox 639 2691 801 2756; x_wconf 89' lang='lat' dir='ltr'>mediocris</span> <span class='ocrx_word' id='word_1_193' title='bbox 824 2694 872 2756; x_wconf 91' lang='lat' dir='ltr'>est</span> <span class='ocrx_word' id='word_1_194' title='bbox 895 2692 1045 2773; x_wconf 88' lang='lat' dir='ltr'>quaestio,</span> <span class='ocrx_word' id='word_1_195' title='bbox 1062 2710 1111 2755; x_wconf 89' lang='lat' dir='ltr'>ec·</span> 
     </span>
    </p>
   </div>
   <div class='ocr_carea' id='block_1_3' title="bbox 3 2789 1107 2880">
    <p class='ocr_par' dir='ltr' id='par_1_4' title="bbox 3 2789 1107 2880">
     <span class='ocr_line' id='line_1_26' title="bbox 3 2789 1107 2880; baseline 0 -26"><span class='ocrx_word' id='word_1_196' title='bbox 3 2877 5 2880; x_wconf 16' lang='lat'>¹</span> <span class='ocrx_word' id='word_1_197' title='bbox 136 2793 315 2874; x_wconf 90' lang='lat' dir='ltr'>gnoscatur‚</span> <span class='ocrx_word' id='word_1_198' title='bbox 339 2791 388 2854; x_wconf 87' lang='lat' dir='ltr'>vel</span> <span class='ocrx_word' id='word_1_199' title='bbox 410 2791 470 2854; x_wconf 91' lang='lat' dir='ltr'>huc</span> <span class='ocrx_word' id='word_1_200' title='bbox 493 2790 532 2854; x_wconf 91' lang='lat' dir='ltr'>ad</span> <span class='ocrx_word' id='word_1_201' title='bbox 555 2789 768 2872; x_wconf 86' lang='lat' dir='ltr'>Apostolicam</span> <span class='ocrx_word' id='word_1_202' title='bbox 803 2789 923 2866; x_wconf 75' lang='lat' dir='ltr'>Sedens,</span> <span class='ocrx_word' id='word_1_203' title='bbox 947 2790 973 2854; x_wconf 94' lang='lat' dir='ltr'>si</span> <span class='ocrx_word' id='word_1_204' title='bbox 1008 2790 1107 2854; x_wconf 90' lang='lat' dir='ltr'>ardua</span> 
     </span>
    </p>
   </div>
   <div class='ocr_carea' id='block_1_4' title="bbox 136 2888 1110 3070">
    <p class='ocr_par' dir='ltr' id='par_1_5' title="bbox 136 2888 1110 3070">
     <span class='ocr_line' id='line_1_27' title="bbox 136 2888 1110 2970; baseline 0.001 -18"><span class='ocrx_word' id='word_1_205' title='bbox 136 2891 196 2964; x_wconf 86' lang='lat' dir='ltr'>est,</span> <span class='ocrx_word' id='word_1_206' title='bbox 220 2889 400 2966; x_wconf 81' lang='lat' dir='ltr'>deducatur,</span> <span class='ocrx_word' id='word_1_207' title='bbox 425 2889 577 2970; x_wconf 88' lang='lat' dir='ltr'>quatenus</span> <span class='ocrx_word' id='word_1_208' title='bbox 600 2892 725 2953; x_wconf 88' lang='lat' dir='ltr'>nostrae</span> <span class='ocrx_word' id='word_1_209' title='bbox 748 2888 925 2952; x_wconf 88' lang='lat' dir='ltr'>audientiae</span> <span class='ocrx_word' id='word_1_210' title='bbox 955 2889 1110 2953; x_wconf 89' lang='lat' dir='ltr'>sententia</span> 
     </span>
     <span class='ocr_line' id='line_1_28' title="bbox 136 2983 1108 3070; baseline -0.001 -20"><span class='ocrx_word' id='word_1_211' title='bbox 136 2986 299 3052; x_wconf 89' lang='lat' dir='ltr'>decidatur</span> <span class='ocrx_word' id='word_1_212' title='bbox 311 3011 341 3049; x_wconf 82' lang='lat'>».</span> <span class='ocrx_word' id='word_1_213' title='bbox 360 2983 403 3070; x_wconf 85' lang='lat' dir='ltr'>(S.</span> <span class='ocrx_word' id='word_1_214' title='bbox 421 2985 514 3069; x_wconf 84' lang='lat' dir='ltr'>Greg.</span> <span class='ocrx_word' id='word_1_215' title='bbox 539 2985 583 3050; x_wconf 92' lang='lat' dir='ltr'>M.</span> <span class='ocrx_word' id='word_1_216' title='bbox 599 2985 644 3048; x_wconf 85' lang='lat' dir='ltr'>ad</span> <span class='ocrx_word' id='word_1_217' title='bbox 657 2985 719 3066; x_wconf 91' lang='lat' dir='ltr'>Ep.</span> <span class='ocrx_word' id='word_1_218' title='bbox 735 2985 925 3066; x_wconf 77' lang='lat' dir='ltr'>Larisaea).</span> <span class='ocrx_word' id='word_1_219' title='bbox 939 3019 983 3030; x_wconf 92' lang='lat'><em>-</em></span> <span class='ocrx_word' id='word_1_220' title='bbox 999 2983 1054 3047; x_wconf 90' lang='lat' dir='ltr'>IV.</span> <span class='ocrx_word' id='word_1_221' title='bbox 1072 2985 1108 3049; x_wconf 94' lang='lat' dir='ltr'>ln</span> 
     </span>
    </p>
   </div>
   <div class='ocr_carea' id='block_1_5' title="bbox 3 3080 1108 3264">
    <p class='ocr_par' dir='ltr' id='par_1_6' title="bbox 3 3080 1108 3264">
     <span class='ocr_line' id='line_1_29' title="bbox 3 3080 1108 3166; baseline -0.004 -17"><span class='ocrx_word' id='word_1_222' title='bbox 3 3087 4 3136; x_wconf 82' lang='lat'><em>3</em></span> <span class='ocrx_word' id='word_1_223' title='bbox 136 3085 279 3166; x_wconf 81' lang='lat' dir='ltr'>Epistola</span> <span class='ocrx_word' id='word_1_224' title='bbox 302 3084 523 3166; x_wconf 88' lang='lat' dir='ltr'>Episcoporum</span> <span class='ocrx_word' id='word_1_225' title='bbox 548 3081 670 3147; x_wconf 87' lang='lat' dir='ltr'>Galliae</span> <span class='ocrx_word' id='word_1_226' title='bbox 694 3082 733 3146; x_wconf 89' lang='lat' dir='ltr'>ad</span> <span class='ocrx_word' id='word_1_227' title='bbox 757 3080 1019 3146; x_wconf 87' lang='lat' dir='ltr'>innocentiumX</span> <span class='ocrx_word' id='word_1_228' title='bbox 1044 3081 1108 3163; x_wconf 88' lang='lat' dir='ltr'>(an.</span> 
     </span>
     <span class='ocr_line' id='line_1_30' title="bbox 3 3177 1106 3264; baseline -0.005 -17"><span class='ocrx_word' id='word_1_229' title='bbox 3 3195 4 3262; x_wconf 72' lang='lat' dir='ltr'><strong>j</strong></span> <span class='ocrx_word' id='word_1_230' title='bbox 138 3181 386 3264; x_wconf 70' lang='lat' dir='ltr'>1653r1egimr:</span> <span class='ocrx_word' id='word_1_231' title='bbox 414 3205 431 3238; x_wconf 69' lang='grc' dir='ltr'><strong><em>α</em></strong></span> <span class='ocrx_word' id='word_1_232' title='bbox 443 3180 577 3244; x_wconf 88' lang='lat' dir='ltr'>Maiores</span> <span class='ocrx_word' id='word_1_233' title='bbox 593 3198 704 3244; x_wconf 87' lang='lat' dir='ltr'>causas</span> <span class='ocrx_word' id='word_1_234' title='bbox 716 3179 756 3244; x_wconf 89' lang='lat' dir='ltr'>ad</span> <span class='ocrx_word' id='word_1_235' title='bbox 770 3178 880 3242; x_wconf 86' lang='lat' dir='ltr'>Sedcm</span> <span class='ocrx_word' id='word_1_236' title='bbox 894 3177 1106 3259; x_wconf 70' lang='lat' dir='ltr'>apostolicam</span> 
     </span>
    </p>
   </div>
   <div class='ocr_carea' id='block_1_6' title="bbox 134 3275 1109 3356">
    <p class='ocr_par' dir='ltr' id='par_1_7' title="bbox 134 3275 1109 3356">
     <span class='ocr_line' id='line_1_31' title="bbox 134 3275 1109 3356; baseline -0.004 -14"><span class='ocrx_word' id='word_1_237' title='bbox 134 3278 252 3353; x_wconf 82' lang='lat' dir='ltr'>referri,</span> <span class='ocrx_word' id='word_1_238' title='bbox 277 3277 422 3341; x_wconf 88' lang='lat' dir='ltr'>solemnis</span> <span class='ocrx_word' id='word_1_239' title='bbox 453 3277 606 3342; x_wconf 82' lang='lat' dir='ltr'>Ecclesiae</span> <span class='ocrx_word' id='word_1_240' title='bbox 629 3294 698 3340; x_wconf 90' lang='lat' dir='ltr'>mos</span> <span class='ocrx_word' id='word_1_241' title='bbox 721 3278 779 3353; x_wconf 83' lang='lat' dir='ltr'>est,</span> <span class='ocrx_word' id='word_1_242' title='bbox 804 3295 895 3356; x_wconf 91' lang='lat' dir='ltr'>quem</span> <span class='ocrx_word' id='word_1_243' title='bbox 918 3275 994 3340; x_wconf 89' lang='lat' dir='ltr'>tides</span> <span class='ocrx_word' id='word_1_244' title='bbox 1021 3275 1109 3339; x_wconf 88' lang='lat' dir='ltr'>Petri</span> 
     </span>
    </p>
   </div>
   <div class='ocr_carea' id='block_1_7' title="bbox 133 3373 1107 3458">
    <p class='ocr_par' dir='ltr' id='par_1_8' title="bbox 3 3373 1107 3458">
     <span class='ocr_line' id='line_1_32' title="bbox 133 3373 1107 3458; baseline -0.002 -20.236"><span class='ocrx_word' id='word_1_245' title='bbox 133 3395 293 3458; x_wconf 90' lang='lat' dir='ltr'>nunquam</span> <span class='ocrx_word' id='word_1_246' title='bbox 318 3374 461 3440; x_wconf 87' lang='lat' dir='ltr'>deficiens</span> <span class='ocrx_word' id='word_1_247' title='bbox 484 3376 631 3458; x_wconf 90' lang='lat' dir='ltr'>perpetuo</span> <span class='ocrx_word' id='word_1_248' title='bbox 654 3373 781 3438; x_wconf 88' lang='lat' dir='ltr'>retineri</span> <span class='ocrx_word' id='word_1_249' title='bbox 804 3391 859 3456; x_wconf 88' lang='lat' dir='ltr'>pro</span> <span class='ocrx_word' id='word_1_250' title='bbox 883 3373 949 3436; x_wconf 92' lang='lat' dir='ltr'>iure</span> <span class='ocrx_word' id='word_1_251' title='bbox 973 3391 1028 3438; x_wconf 88' lang='lat' dir='ltr'>suc</span> <span class='ocrx_word' id='word_1_252' title='bbox 1052 3391 1107 3456; x_wconf 92' lang='lat' dir='ltr'>po-</span> 
     </span>
    </p>
   </div>
   <div class='ocr_carea' id='block_1_8' title="bbox 133 3473 1108 3653">
    <p class='ocr_par' dir='ltr' id='par_1_9' title="bbox 3 3473 1108 3653">
     <span class='ocr_line' id='line_1_33' title="bbox 133 3473 1108 3653; baseline 0.004 -22.529"><span class='ocrx_word' id='word_1_253' title='bbox 133 3473 325 3638; x_wconf 30' lang='lat' dir='ltr'>stulati.»-</span> <span class='ocrx_word' id='word_1_254' title='bbox 354 3572 404 3638; x_wconf 90' lang='lat' dir='ltr'>los</span> <span class='ocrx_word' id='word_1_255' title='bbox 429 3571 625 3653; x_wconf 81' lang='lat' dir='ltr'>principatus</span> <span class='ocrx_word' id='word_1_256' title='bbox 651 3571 822 3636; x_wconf 72' lang='lat' dir='ltr'>rivilia-</span> <span class='ocrx_word' id='word_1_257' title='bbox 845 3569 870 3632; x_wconf 93' lang='grc' dir='ltr'>Ι.</span> <span class='ocrx_word' id='word_1_258' title='bbox 895 3569 970 3634; x_wconf 87' lang='lat' dir='ltr'>P1cs</span> <span class='ocrx_word' id='word_1_259' title='bbox 993 3569 1039 3632; x_wconf 88' lang='lat' dir='ltr'>IX</span> <span class='ocrx_word' id='word_1_260' title='bbox 1063 3569 1108 3652; x_wconf 89' lang='lat' dir='ltr'>(in</span> 
     </span>
    </p>
   </div>
   <div class='ocr_carea' id='block_1_9' title="bbox 134 3667 1108 3752">
    <p class='ocr_par' dir='ltr' id='par_1_10' title="bbox 3 3621 1108 3782">
     <span class='ocr_line' id='line_1_34' title="bbox 134 3667 1108 3752; baseline -0.002 -19.237"><span class='ocrx_word' id='word_1_261' title='bbox 134 3669 211 3752; x_wconf 82' lang='lat' dir='ltr'>Syll.</span> <span class='ocrx_word' id='word_1_262' title='bbox 236 3688 287 3733; x_wconf 91' lang='lat' dir='ltr'>nn.</span> <span class='ocrx_word' id='word_1_263' title='bbox 314 3668 366 3745; x_wconf 84' lang='lat'>75,</span> <span class='ocrx_word' id='word_1_264' title='bbox 392 3668 433 3730; x_wconf 81' lang='lat' dir='ltr'>‘id</span> <span class='ocrx_word' id='word_1_265' title='bbox 457 3669 489 3732; x_wconf 90' lang='lat' dir='ltr'>et</span> <span class='ocrx_word' id='word_1_266' title='bbox 513 3667 569 3750; x_wconf 88' lang='lat'>80)</span> <span class='ocrx_word' id='word_1_267' title='bbox 592 3671 755 3747; x_wconf 81' lang='lat' dir='ltr'>sequentes</span> <span class='ocrx_word' id='word_1_268' title='bbox 776 3667 940 3732; x_wconf 76' lang='lat' dir='ltr'>damnauit</span> <span class='ocrx_word' id='word_1_269' title='bbox 969 3669 1108 3748; x_wconf 86' lang='lat' dir='ltr'>proposi·</span> 
     </span>
    </p>
   </div>
   <div class='ocr_carea' id='block_1_10' title="bbox 0 0 1414 4276">
    <p class='ocr_par' dir='ltr' id='par_1_11' title="bbox 0 0 1414 4276">
     <span class='ocr_line' id='line_1_35' title="bbox 0 0 1414 4276; baseline 0 0"><span class='ocrx_word' id='word_1_270' title='bbox 0 0 1414 4276; x_wconf 95' lang='lat' dir='ltr'> </span> 
     </span>
    </p>
   </div>
  </div>
 </body>
</html>
