2818 4276
305 255 370 300 CAP.
396 256 416 300 1.
442 257 480 301 DE
506 255 764 302 COLLECTIONIBUS
788 256 934 302 t'thlNl'll
1071 256 1103 310 8}

133 454 257 516 tionem
281 453 321 516 ad
345 453 481 516 divinam
506 455 715 530 maiestatem,
732 457 763 518 et
781 455 820 518 ad
846 455 893 518 sni
921 455 1108 520 nihilitatem

134 551 185 633 (S.
210 551 389 615 Bernardin.
414 553 507 634 Seu).

185 650 318 713 Maniam
341 668 461 714 ruvocn.
479 651 504 714 Ο
521 671 590 715 rere
606 654 699 716 beata
723 653 895 728 humilitas,
913 671 991 733 (pirae
1009 655 1108 717 Deum

134 747 318 812 hominibus
353 749 480 832 peperit,
504 749 682 830 paradisum
715 751 847 832 aperuit,
872 751 903 813 et
927 751 1045 814 animas
1069 751 1109 814 ab

136 845 247 908 inferis
269 845 431 909 liberavit!
457 845 501 927 (S.
526 847 634 930 hup).

187 943 320 1008 hilaram
344 962 513 1008 nnururon.
537 945 618 1010 Vera
635 947 666 1008 et
686 946 802 1008 sincera
826 945 1013 1009 humilitate.
1043 973 1059 1004 «
1076 945 1108 1010 Si

138 1061 282 1124 quaeras,
308 1061 385 1124 quae
410 1043 460 1106 via
484 1044 525 1107 sit
542 1042 581 1106 ad
606 1043 804 1107 obtinendam
829 1044 1003 1118 veritatem,
1020 1043 1109 1126 quid·

139 1140 218 1221 quid
241 1141 376 1222 primum
400 1141 441 1204 sit
464 1141 496 1204 in
520 1141 667 1224 religione
691 1143 722 1204 et
746 1141 905 1222 disciplina
930 1141 1044 1206 christi
1063 1143 1109 1224 (et

138 1257 247 1302 amore
271 1239 426 1321 Mariael‘?
458 1239 675 1321 Respondebo3
700 1239 841 1302 Primum
865 1241 912 1302 est
936 1239 1107 1304 humilitas.

139 1333 224 1413 Quid
240 1335 426 1400 secundum?
450 1337 633 1400 Humilitas.
650 1335 732 1416 Qriid
748 1339 901 1400 tertium?
925 1337 1107 1401 Humilitas.

138 1433 183 1495 Et
206 1435 328 1514 quoties
352 1435 566 1517 interrogabis,
591 1435 684 1498 toties
708 1435 765 1498 hoo
788 1435 898 1498 dicam.
917 1459 932 1490 »
954 1433 996 1505 18.
1014 1437 1107 1520 Aug,

139 1532 231 1612 epist.
257 1533 323 1615 so).
341 1570 385 1578 -
400 1531 482 1596 Fila·
499 1532 639 1607 aldarico,
664 1533 836 1601 r'rrn'tatorcs
859 1533 956 1594 circs...
981 1533 1107 1616 chich).

139 1720 236 1772 canois
251 1722 404 1787 propositis
422 1722 500 1788 apud
520 1720 632 1774 Sacrana
651 1719 897 1789 Conprepatronem
912 1719 1108 1774 Cardinalianc

141 1805 171 1858 S·
188 1805 308 1860 Concidit
331 1807 490 1862 Tridentini
510 1807 698 1876 Interpretatur
717 1808 882 1876 prodierunt
901 1803 936 1862 ab
950 1805 1008 1862 cius
1028 1809 1107 1862 insti·

139 1896 253 1950 tutione
274 1915 347 1950 anno
370 1899 438 1950 1564
458 1897 494 1950 ad
513 1915 619 1950 annum
641 1899 718 1960 1860,
739 1897 880 1951 distinctis
900 1898 991 1952 titulis
1012 1898 1107 1966 alpha·
1218 1961 1220 1966 .

138 1985 236 2038 betica
256 1984 352 2037 ordine
366 2001 415 2053 per
434 1985 568 2038 materias
590 1986 711 2055 digesta,
725 2003 792 2038 cura.
804 1989 832 2039 et
845 1985 937 2039 studio
952 1986 1107 2040 Salvatoris

140 2071 290 2126 Pallottini
312 2073 338 2127 S.
352 2073 448 2127 Theoi.
464 2074 592 2127 Doctoris
613 2079 642 2128 et
660 2075 690 2128 in
709 2074 838 2128 Romana
858 2073 941 2127 Curia
960 2075 1106 2129 Advocati.

142 2163 177 2215 15
197 2163 251 2216 vol.
273 2163 337 2227 in-t,
357 2163 433 2231 typis
454 2163 480 2218 S.
496 2163 525 2217 C.
546 2165 580 2218 de
600 2165 682 2232 Prop.
702 2165 777 2218 Fide.

190 2251 299 2306 Causae
317 2255 432 2308 selectae
442 2255 473 2307 in
493 2254 520 2307 S.
535 2254 756 2323 Conprepatione
777 2253 975 2309 Gordinalc'ana
988 2255 1107 2309 Consilii

144 2341 307 2396 Tridentini
325 2341 514 2410 Interpretarn
538 2345 700 2411 propositae
725 2361 777 2411 per
802 2343 962 2397 Sammarr'a
980 2344 1106 2407 Precam,

140 2431 179 2483 ab
192 2449 267 2484 anno
280 2428 348 2484 1823
364 2447 452 2498 osque
466 2432 500 2484 ad
515 2450 618 2485 annum
633 2433 708 2484 1869.
725 2432 908 2500 Collegerunt
922 2431 985 2488 Chr.
999 2433 1106 2502 Lingen

140 2522 164 2574 1.
175 2523 209 2575 U.
220 2521 261 2583 D,
275 2525 305 2574 et
318 2519 391 2574 Petr.
404 2520 483 2574 Alex.
498 2521 586 2574 Reuss
610 2522 630 2574 I.
646 2523 678 2575 U.
693 2522 724 2574 D.
741 2522 818 2586 1871,
831 2523 897 2584 iar-8,
909 2523 986 2590 typis
1000 2522 1106 2586 Pustet,

142 2611 324 2666 Ratisboaae.

181 2699 357 2754 Galleetanea
374 2702 406 2754 in
425 2716 504 2753 amm
524 2699 695 2754 decretoriae
715 2701 742 2754 8.
760 2700 890 2769 Conprep.
906 2702 1108 2770 Episcoporam

141 2799 169 2850 et
186 2791 379 2858 Repalarc‘am,
399 2807 466 2843 eura
484 2790 508 2842 A
537 2791 659 2844 Binaarri
686 2791 895 2860 Archiepiscopi
917 2792 1106 2860 Philippensis

142 2880 295 2934 Secretarii
317 2881 401 2934 edita.
424 2880 500 2944 1886,
521 2879 589 2944 in·8,
611 2881 687 2948 typis
708 2881 733 2934 S.
755 2880 782 2934 C.
804 2882 838 2934 de
858 2881 939 2949 Prop.
959 2881 1034 2935 Fide.

179 2969 350 3023 Gardellini:
376 2970 496 3024 Decreta
524 2972 684 3025 anthentica
713 2969 940 3040 Conprepate'onis
960 2971 1107 3025 Sacrorum

140 3061 261 3114 Ritnnrn
274 3077 307 3112 ex
321 3057 392 3112 actis
412 3059 536 3113 eiusdem
556 3060 682 3114 collecta.
698 3060 786 3128 'lypis
802 3060 828 3114 S.
844 3058 872 3113 C.
887 3060 920 3113 de
935 3059 1017 3128 Prop.
1030 3061 1105 3114 Fide.

179 3149 300 3204 Decreta
319 3151 480 3203 anthentica
499 3149 526 3202 S.
550 3147 649 3218 Oonpr-
663 3151 855 3219 Indnipentc'r's
874 3151 1014 3216 sacrisque
1032 3149 1106 3202 Reli·

140 3241 217 3306 quita
226 3241 412 3306 praepositae,
427 3240 462 3292 ab
477 3256 551 3292 anno
574 3239 642 3292 1668
662 3240 697 3292 ad
718 3257 823 3292 annum
838 3238 906 3292 1882
927 3237 1010 3291 edita.
1026 3237 1105 3291 Iussu

140 3333 171 3382 et
199 3328 369 3381 auctoritate
395 3327 495 3382 Leonis
525 3328 598 3392 XIII,
621 3325 708 3382 Pont.
738 3329 812 3381 Max.
835 3327 911 3390 1882,
933 3326 1003 3390 tna,
1031 3327 1106 3394 typis

139 3417 249 3480 Perstet,
270 3416 456 3471 Ratisbonae.

178 3507 327 3574 Rescripta
350 3507 511 3562 anthentica
540 3507 566 3560 S.
591 3505 690 3575 Conpr.
714 3515 739 3561 et
768 3505 927 3562 Sammaria
953 3506 1108 3574 Indalpea·

141 3598 248 3650 tiaram
262 3612 280 3648 a
293 3594 414 3650 Summis
435 3595 616 3650 Pontificibus
637 3612 840 3649 concessarum.
858 3595 934 3660 1885,
950 3595 1015 3662 ira-8,
1031 3595 1107 3663 typis

143 3685 252 3748 Pustet‚
271 3685 452 3740 Ratisbonae.

201 3821 215 3862 6
229 3845 254 3853 -
269 3822 335 3864 larse
351 3823 408 3864 Can.
