2750 4270
306 269 360 322 250
590 269 766 316 TRACTATUS
790 269 829 313 DE
852 267 1000 314 PERSONIS

304 465 508 529 confessiones
532 465 605 528 actu
629 463 727 537 audit,
752 463 902 526 debentur
925 462 1158 526 distributiones
1170 459 1261 541 quoti·

305 563 425 638 dianae,
438 581 498 626 non
511 581 598 626 secus
610 563 683 625 acsi
696 561 809 625 divinis
821 562 946 625 intersit
961 562 992 624 in
1005 561 1097 624 choro
1110 559 1155 640 (S.
1171 556 1203 621 0.
1218 556 1260 632 0,

306 665 348 724 10
370 659 472 722 Mart.
497 661 620 740 1635);
644 659 707 722 imo
724 659 752 722 ei
768 658 919 722 debentur
934 659 1030 722 etiam
1050 659 1260 739 eleemosynas,

305 776 383 838 qnae
407 757 522 820 dantur
544 775 599 838 pro
616 755 843 820 anniversariis
859 756 1086 830 defunctorum,
1106 752 1260 818 dummodo

303 873 364 920 non
377 855 439 918 sint
452 855 630 938 assignatae
642 872 696 936 pro
708 854 914 918 celebratione
926 854 1095 918 Missarnm
1106 851 1153 935 (S.
1170 849 1202 914 0.
1218 849 1260 924 0.,

306 956 346 1016 15
371 952 472 1014 Mart.
498 953 599 1032 1631)
608 973 618 1014 .·
643 953 765 1033 qnando
789 954 895 1016 autem
919 971 979 1016 non
996 953 1044 1016 est
1059 951 1222 1033 impeditus
1236 950 1263 1010 in

305 1070 431 1114 munere
458 1051 668 1126 confessionis,
703 1051 851 1114 interesse
887 1051 977 1114 debet
1011 1049 1126 1114 divinis
1157 1046 1263 1112 Officiis

307 1137 924 1230 mummmmma‘

349 1360 359 1394 ¹
379 1363 400 1416 I.
421 1361 750 1430 ACanonieo'lheologo
760 1362 845 1416 lectio
860 1379 957 1418 sacrae
972 1362 1134 1430 Scripturas
1145 1362 1266 1416 facienda

308 1455 352 1506 est
370 1452 481 1519 publice
500 1451 529 1504 in
549 1450 684 1516 Ecclesia,
704 1469 761 1504 non
780 1452 894 1506 veroin
916 1451 1044 1506 Sacrario
1064 1451 1107 1514 (S.
1127 1447 1154 1505 0.
1177 1447 1211 1515 0.,
1237 1453 1266 1504 15

308 1543 395 1597 Mart.
419 1543 510 1604 1710).
531 1541 589 1609 lpsi
608 1545 703 1594 autem
723 1559 780 1596 non
799 1542 867 1596 licet
886 1541 1030 1610 explic-are
1049 1543 1154 1610 populo
1167 1558 1264 1595 sacram

308 1630 483 1699 scripturam
502 1629 599 1684 diebus
619 1629 702 1684 festis
721 1630 797 1684 inter
815 1630 967 1684 Missurum
987 1631 1134 1693 solemnia,
1148 1634 1176 1685 et
1195 1646 1266 1698 prae-

307 1719 364 1774 cise
384 1723 449 1787 post
471 1719 659 1788 Evangelium
687 1718 727 1782 (S.
757 1720 792 1774 R.
822 1717 860 1786 d,
884 1724 921 1774 30
945 1721 1039 1788 April.
1069 1719 1167 1780 179cl:
1193 1735 1266 1788 porro

307 1812 428 1876 tempus,
448 1809 518 1862 hora
537 1812 566 1862 et
584 1809 705 1862 materia
718 1825 815 1862 sacrae
829 1808 1000 1876 Scripturas,
1014 1826 1100 1876 supra
1113 1826 1170 1877 qua
1181 1809 1268 1874 legen·

260 1967 263 1972 Ι
307 1897 375 1954 (10ιο
385 1901 436 1963 eat,
447 1897 603 1951 remittitur
613 1897 730 1952 arbitrio
741 1897 882 1952 Ordinarii
894 1897 935 1960 (S.
949 1897 979 1954 O.
993 1893 1030 1964 0.,
1042 1903 1077 1954 10
1088 1899 1175 1954 Mart.
1187 1896 1267 1966 1663).

308 2011 342 2024 —
362 1985 395 2039 ll.
417 1983 573 2040 Canonicns
605 1985 774 2056 Theologus,
806 1987 841 2040 ob
870 1985 1013 2041 defectum
1046 1987 1206 2042 auditorum
1229 1986 1268 2040 vel

308 2075 478 2130 tenuitatem
488 2075 658 2139 reddituum,
669 2075 704 2128 ab
714 2072 807 2130 officio
818 2077 996 2143 praebendae
1006 2077 1178 2144 theologalis
1191 2077 1267 2130 adim-

308 2167 410 2235 plendo
431 2171 577 2235 exemptus
597 2168 723 2234 reputari
733 2186 789 2222 non
802 2167 878 2222 valet
889 2166 929 2232 (S.
944 2165 972 2222 O.
987 2167 1027 2232 0,
1040 2172 1073 2222 18
1083 2170 1176 2237 April.
1188 2173 1268 2233 1363).

310 2255 352 2310 An
372 2259 467 2311 autem
487 2256 625 2324 quibusve
645 2257 737 2309 causis
766 2274 783 2310 a
811 2257 932 2325 legendo
961 2260 1119 2321 excusetur,
1147 2257 1269 2311 standum

308 2352 454 2419 legitimae
474 2353 672 2408 consuetudini
695 2358 781 2421 atque
810 2354 928 2408 arbitrio
957 2353 1100 2422 Episcopi,
1129 2355 1268 2409 dummodo

309 2442 444 2498 lectiones
463 2461 520 2498 non
540 2444 598 2497 sint
617 2443 695 2496 infra
714 2461 863 2497 nnmerum
882 2444 1143 2512 quadragenarium
1170 2445 1198 2498 in
1222 2444 1269 2496 sin·

309 2532 384 2598 gulis
404 2531 486 2585 annis
505 2529 548 2598 (S.
571 2531 600 2586 0.
624 2531 917 2598 0.,101oea·i1876):
933 2530 1091 2586 Canonions
1101 2533 1176 2586 enirn
1190 2533 1270 2586 Theo·

310 2619 391 2688 lngus
411 2621 603 2690 quadraginta
622 2622 724 2676 saltem
744 2621 898 2690 quotannis
913 2622 1049 2675 lectiones
1063 2622 1176 2690 publice
1189 2623 1216 2675 in
1229 2621 1269 2674 Ec·

311 2709 395 2763 alesia
416 2710 519 2764 habere
542 2714 658 2766 tenetur
685 2728 735 2779 per
764 2711 887 2778 seipsum
917 2711 963 2764 vel
991 2728 1041 2779 per
1071 2711 1142 2764 alios
1167 2712 1269 2766 idoneos

238 2855 240 2859 s
311 2796 426 2864 (Bened.
445 2799 521 2864 Xlll,
542 2799 570 2854 d.
586 2799 845 2867 Pactcraliscfficr'a')
853 2821 863 2867 ,·
875 2800 925 2868 qni
938 2817 1070 2854 numerus
1085 2800 1203 2855 arbitrio
1214 2799 1269 2868 Epi·

311 2889 389 2958 scopi
408 2889 497 2942 minui
515 2907 572 2944 000
592 2893 687 2957 potest
706 2889 748 2952 (S.
770 2889 799 2944 0.
823 2888 863 2954 0,
883 2887 1267 2956 151001116451,00οε0010·

310 2977 375 3032 dine
385 2977 473 3034 etiam
483 2978 671 3047 sexagenaria
680 2979 879 3033 nonobstante
891 2978 930 3041 (S.
945 2976 973 3032 0.
988 2975 1028 3044 0,
1040 2983 1074 3032 11
1084 2979 1178 3046 April.
1190 2979 1266 3043 1807).

309 3066 464 3121 Deficiente
484 3071 579 3120 autern
601 3067 743 3122 Canonico
762 3067 907 3136 Theologo
927 3066 1048 3134 aliisque
1067 3066 1103 3122 de
1123 3067 1202 3122 Olero
1215 3067 1267 3122 Sae-

310 3159 408 3219 culari‚
427 3158 586 3228 Religiosus
601 3158 756 3226 provisoris
767 3159 898 3227 deputari
912 3162 1007 3227 potest
1021 3159 1056 3212 ad
1072 3159 1266 3227 explanandam

311 3263 421 3301 sacram
453 3247 636 3316 scripturam,
663 3248 699 3301 ad
728 3248 850 3302 formam
880 3247 998 3302 Constit.
1029 3248 1177 3302 Benedicti
1204 3247 1266 3312 Xlll,

310 3337 468 3392 Portunalis
486 3338 571 3404 officii
591 3335 631 3402 (S.
655 3336 684 3392 Ο.
707 3335 746 3402 0.,
767 3342 802 3392 10
821 3337 1266 3406 Icaii1876).-111.Quiprae

311 3427 432 3480 bendam
451 3427 642 3496 theologalem
661 3427 756 3492 habet,
778 3427 954 3482 excusandus
974 3429 1017 3481 est
1036 3425 1155 3482 aChoro
1169 3431 1265 3482 tantun

263 3563 265 3568 .
311 3531 345 3570 ea
364 3515 408 3569 die
429 3533 485 3583 qua
503 3516 583 3584 legit,
603 3533 660 3570 000
680 3515 766 3570 etiam
787 3533 841 3570 uno
862 3521 912 3571 aut
932 3516 1074 3584 aliquibus
1088 3517 1187 3571 diebns
1199 3519 1264 3570 ante:

311 3603 409 3658 dicbus
429 3609 524 3658 autern
544 3606 645 3673 quibus
665 3623 722 3660 non
742 3606 822 3675 legit,
833 3623 890 3661 non
900 3609 1058 3672 excusatur,
1072 3605 1128 3659 nisi
1142 3609 1263 3674 quatenus

312 3696 513 3748 excusarentur
532 3693 581 3746 alii
602 3693 743 3760 (laconici,
763 3699 862 3763 utpote
882 3698 1008 3763 tempore
1035 3695 1192 3750 vacationis
1215 3709 1263 3762 per·
