2758 4270
283 264 348 310 CAP.
373 266 402 310 V.
428 266 466 312 DE
490 265 646 312 nouacula
669 265 707 312 ΕΤ
731 266 945 312 REGULARIBUS
1047 263 1101 317 315

129 465 172 528 Et
196 481 344 528 numerus
366 481 583 528 conversarum
608 465 654 528 ita
672 465 884 548 computatur,
908 467 945 530 ut
968 485 1030 529 uua
1045 484 1100 546 pro

130 561 233 624 tribus
249 559 441 642 quibuslibet
464 562 652 626 monialibus
683 562 953 644 praefiniatur'(S.
978 561 1011 626 C.
1036 563 1099 626 Eli.

131 661 164 724 et
188 659 256 724 RR.
282 659 420 740 pluries).

181 758 258 820 921.
292 795 330 802 -
362 757 440 820 Vrrr
472 774 632 824 conamus
665 760 713 822 est
740 759 893 842 regularis
921 758 1102 840 disciplinae

131 856 202 934 lons
231 855 430 936 omniumque
461 855 678 920 claustralium
714 857 869 920 virtutum
901 856 1100 939 praesidium.

131 953 279 1035 Episcopi
303 969 375 1033 prae
398 953 493 1016 oculis
517 953 653 1018 habeant
677 953 834 1019 decretum
860 956 890 1020 S.
915 953 949 1018 O.
974 953 1101 1018 Consilii

132 1051 165 1114 in
194 1076 211 1107 «
227 1049 501 1122 vallisoletana»,
526 1069 554 1112 a.
592 1051 687 1126 1601,
712 1051 744 1114 in
768 1071 828 1133 quo
852 1051 983 1116 dicitur:
1012 1075 1029 1110 a
1045 1051 1101 1114 Re-

132 1148 308 1232 gularibus,
331 1148 396 1212 sive
420 1149 494 1211 viris
517 1150 581 1212 sive
599 1149 789 1224 mulieribus,
815 1169 875 1214 non
898 1151 989 1213 licere
1013 1147 1102 1231 quid·

18 1269 20 1274 ¹
133 1247 221 1328 piam
245 1246 402 1327 proprium
426 1246 591 1327 possidere,
620 1245 672 1310 sed
696 1247 846 1329 quidquid
869 1247 1101 1328 acquisiverint.

133 1346 166 1409 et
183 1363 219 1407 er
236 1343 403 1408 donatione
417 1344 465 1408 vel
478 1343 672 1427 eleemosyna
689 1345 900 1426 aparentibus
914 1344 962 1408 vel
978 1344 1103 1408 aliunde

132 1441 335 1516 obtinuerint,
352 1444 436 1506 reeta
452 1441 492 1504 ad
503 1461 614 1507 manus
627 1441 799 1524 Superioris
811 1461 876 1506 esse
893 1441 1102 1518 deferendum,

132 1541 187 1622 qui
212 1539 298 1620 prius
314 1540 484 1621 prospicere
501 1539 624 1604 debebit
639 1541 876 1604 necessitatibus
899 1540 996 1614 illius,
1015 1541 1103 1604 errius

133 1656 228 1720 opera
253 1637 301 1699 vel
324 1638 586 1718 contemplatione
614 1640 739 1720 partum
764 1639 868 1712 fuerit,
892 1640 924 1702 et
947 1639 1100 1718 reliquum

133 1736 165 1798 in
189 1735 290 1798 totius
315 1735 495 1798 monasterii
515 1755 606 1799 usum
622 1739 799 1800 convertere
815 1761 846 1798 ».
872 1735 961 1800 Circa
978 1735 1103 1800 modum

134 1832 357 1896 instaurandae
382 1833 465 1896 vitae
480 1834 663 1909 communis,
680 1834 846 1898 attendant
870 1852 1004 1909 normas,
1027 1852 1106 1915 quas

134 1931 236 1996 tradit
251 1930 435 1994 Benedictus
457 1931 543 2005 XIV,
566 1931 604 1994 de
627 1929 715 2012 Syn,
740 1931 818 1996 libro
839 1932 889 2004 13,
914 1951 939 1994 c.
960 1932 1011 1994 12.

180 2030 258 2092 922.
284 2065 326 2074 —
352 2031 394 2094 lle
418 2029 616 2096 ordinatione
634 2031 858 2111 reliolosorum
874 2031 905 2095 et
921 2031 959 2095 de
977 2031 1100 2111 proies·

11 2173 12 2176 =
135 2143 245 2194 sorum
264 2128 403 2192 uotorum
425 2127 615 2208 simplicium
634 2129 791 2193 electione
810 2128 952 2209 (respicit
965 2131 1104 2207 exparte

135 2227 232 2290 etiam
244 2224 405 2304 regulares
415 2226 542 2304 proprie
559 2224 663 2306 tates).
674 2263 714 2272 -
727 2250 744 2284 «
757 2225 866 2290 Auctis
883 2226 1050 2290 admodum
1067 2245 1103 2289 ex

134 2322 288 2406 singulari
315 2321 370 2385 [lei
394 2321 537 2386 beneficio
561 2325 706 2388 votorum
729 2323 916 2404 simplicium
932 2324 1102 2399 Institutis,

136 2422 183 2486 uti
208 2419 311 2484 multa
334 2419 404 2483 inde
428 2421 508 2484 bona
532 2421 685 2495 oriuntur,
709 2422 755 2485 ita
772 2421 877 2503 aliqua
894 2422 977 2502 parit
991 2422 1104 2485 incom-

135 2518 229 2582 moda
254 2517 353 2582 facilis
376 2517 574 2582 alumnorum
597 2519 775 2583 huiusmodi
799 2519 984 2582 societatum
1002 2537 1103 2602 egres·

136 2637 200 2690 sus,
226 2618 258 2680 et
281 2635 467 2696 consequens
482 2637 518 2680 ex
533 2618 599 2682 iure
615 2618 786 2682 constituto
802 2635 959 2700 regressus
974 2618 1007 2681 in
1023 2617 1104 2681 dioe-

11 2717 13 2786 ζ
136 2717 232 2781 eesim
246 2715 384 2800 originis.
397 2714 483 2778 Haec
499 2717 605 2780 autem
616 2716 759 2799 graviora
773 2714 868 2779 efficit
884 2715 1101 2796 temporalium

136 2815 290 2879 bonorum
305 2813 497 2894 ineptasque
509 2832 590 2876 nunc
605 2812 740 2876 Ecclesia
759 2813 919 2894 premitur,
939 2811 1019 2876 unde
1035 2811 1103 2893 Epi·

136 2911 223 2993 scopi
247 2929 336 2991 saepe
361 2909 520 2988 providere
545 2913 700 2992 nequeunt
723 2911 759 2974 ut
783 2910 829 2974 illi
854 2909 953 2973 vitam
976 2909 1104 2974 honeste

137 3009 315 3073 traducant.
339 3007 434 3083 Haeo,
459 3007 583 3089 aliaque
606 3008 638 3072 id
662 3027 768 3090 genus,
793 3007 889 3070 etiam
913 3005 949 3070 de
969 3007 1104 3071 alumnis

138 3107 283 3172 ordinum
307 3106 451 3169 votorum
484 3105 680 3180 solemnium,
715 3103 934 3187 perpendentes
964 3105 1104 3168 nonnulli

138 3204 218 3269 sacri
241 3203 378 3266 locorum
394 3205 562 3277 antistites,
581 3222 635 3285 pro
652 3203 852 3267 ecclesiastici
868 3201 985 3266 ordinis
997 3202 1105 3267 decore

137 3305 169 3368 et
186 3301 324 3365 fidelium
340 3300 563 3376 aedificatione,
580 3301 620 3364 ab
637 3300 816 3382 apostolica
832 3299 908 3362 Sede
924 3299 1021 3362 enixis
1036 3319 1105 3380 pre·

91 3455 93 3460 ,
137 3400 225 3465 cibus
256 3398 466 3480 postularunt,
496 3397 667 3461 remedium
698 3397 824 3479 aliquod
852 3396 1001 3459 adhiberi.
1025 3395 1104 3461 llum

137 3516 212 3581 ergo
244 3497 348 3560 totum
378 3497 539 3580 negotium
570 3495 695 3560 SSmus
718 3496 756 3558 D.
781 3493 819 3557 N.
855 3495 917 3558 Leo
940 3494 1002 3558 ΡΡ.
1026 3495 1104 3558 Xlll

136 3595 301 3659 detulisset
324 3611 429 3657 sacrae
454 3593 526 3656 huic
557 3592 798 3677 Congregationi
826 3592 1048 3674 Episcoporum
1072 3595 1106 3656 et

136 3692 342 3776 Regularinm
367 3691 500 3775 negotiis
526 3693 558 3755 et
584 3690 864 3756 consultationibus
896 3690 1104 3772 praepositae,
