2818 4276
290 220 340 273 140
419 222 593 269 TRACTATUS
617 223 656 268 DE
681 223 871 269 nisslucffln
894 223 1130 270 lURlSDlC'l'lONIS

288 421 487 494 «sanitatis,
512 438 585 482 snos
600 419 640 483 ad
656 419 794 483 diversas
818 420 925 482 mundi
948 421 1062 500 partes,
1087 420 1184 501 prout
1208 439 1266 483 nc·

289 542 307 575 ‹
320 518 479 580 cessitates
495 517 685 590 emerserint,
702 516 857 580 destinare
872 517 1005 600 legatos,
1019 517 1083 598 qui,
1095 517 1179 580 cices
1196 517 1269 580 eius

289 613 498 694 «supplendo,
519 617 622 678 errata
645 616 812 697 corrigant,
829 634 937 698 aspera
961 615 992 678 in
1015 615 1109 696 plana
1133 634 1268 679 conver-

287 737 306 770 «
319 713 398 785 tant,
423 715 455 774 et
477 713 650 776 commissis
681 713 739 776 sibi
770 712 892 794 populis
924 713 1037 776 salutis
1066 713 1268 776 incrementa

287 835 306 867 «
320 810 496 873 ministrent
508 833 525 866 >›
543 807 630 891 (Cap.
643 829 696 872 un.
710 811 836 873 Extrav.
850 808 937 874 (lom.
951 810 1002 873 Dc
1018 807 1165 872 Consuct.
1183 810 1206 874 l.
1221 810 1265 892 I).

330 909 406 970 425.
423 941 465 952 —
485 905 594 970 «Cum
618 909 722 988 partas
745 908 857 991 Legati
880 907 1061 989 Apostolici,
1082 908 1265 989 qualicum-

285 1025 345 1087 que
362 1005 487 1069 demum
510 1007 664 1087 potestate
688 1009 852 1089 augeatur,
872 1007 944 1082 sint,
968 1005 1130 1070 Pontificis
1154 1026 1173 1070 a
1200 1026 1264 1088 quo

284 1103 434 1177 mittitur,
466 1102 614 1166 mandata
647 1105 746 1168 facere
769 1106 801 1167 et
824 1105 1020 1168 voluntatcm
1047 1105 1263 1186 interpretari,

283 1202 409 1265 tantum
426 1201 523 1275 abest,
536 1204 573 1264 ut
585 1201 756 1265 ordinariae
768 1203 915 1284 potestati
932 1202 1155 1284 Episcoporum
1173 1203 1263 1285 quid·

284 1300 368 1380 piam
392 1299 457 1380 ipse
476 1299 578 1380 pariat
593 1299 781 1373 detrimenti,
797 1301 835 1362 ut
858 1300 961 1381 potius
976 1300 1004 1362 ei
1019 1299 1263 1363 fundamentum

284 1415 321 1460 ac
333 1398 427 1460 robur
439 1397 481 1460 sit
493 1396 657 1459 allaturus.
671 1396 746 1458 Eius
762 1397 874 1477 quippe
889 1397 1060 1460 auctoritas
1072 1415 1134 1459 non
1147 1416 1262 1478 parum

283 1496 332 1558 est
354 1495 499 1558 habitura
529 1493 672 1576 ponderis
703 1493 742 1556 ad
765 1493 1007 1556 conservandam
1042 1493 1075 1556 in
1110 1493 1262 1557 multitu·

284 1591 354 1656 diue
374 1593 593 1664 obedientiam,
617 1593 648 1655 in
661 1589 750 1655 Olero
763 1591 957 1672 disciplinam
973 1591 1174 1672 debitamque
1187 1593 1261 1674 Epi-

283 1691 384 1771 scopis
400 1689 633 1762 verecundiam
661 1689 691 1751 in
715 1689 875 1770 Episcopis
898 1689 1083 1752 charitatem
1112 1691 1259 1753 mutuam

283 1806 355 1850 cum
378 1788 489 1851 intima
512 1787 688 1850 animarum
715 1787 943 1850 coniunctione:
967 1788 1109 1850 tutamen
1133 1787 1261 1868 insuper

282 1887 332 1948 est
355 1886 483 1948 mutuae
506 1885 587 1946 inter
609 1885 797 1966 potestatem
813 1883 936 1948 civilem
960 1886 992 1947 ct
1014 1883 1256 1947 ecclesiasticam

286 1983 468 2046 concordiae
481 2007 512 2044 ».

329 2081 459 2143 lao-
472 2082 522 2145 lus
539 2080 795 2161 appellationum.
811 2113 852 2124 --
865 2079 891 2142 Ι.
904 2078 935 2142 S.
949 2078 1135 2152 Bernardus,
1152 2078 1207 2142 lib.
1221 2079 1252 2151 3,

219 2225 222 2230 .
288 2178 327 2241 de
356 2178 472 2242 consid.
495 2178 539 2240 ool
566 2177 649 2258 Eup.
675 2196 701 2240 c.
734 2178 764 2251 2,
789 2176 852 2239 ait:
880 2201 898 2234 «
914 2176 1101 2258 Appellatur
1124 2176 1161 2239 dc
1185 2178 1253 2240 toto

284 2275 399 2339 mundo
430 2275 470 2338 ad
492 2276 546 2338 Te.
570 2274 606 2338 Id
631 2273 754 2354 quidem
784 2274 815 2337 in
845 2275 1058 2338 testimonium
1087 2273 1255 2357 singularis

285 2373 444 2437 Primatus
467 2374 558 2437 tui».
581 2410 600 2418 ·
628 2373 669 2436 ΙΙ.
686 2371 775 2450 Quod
791 2371 915 2452 quidem
939 2372 988 2434 ius
1011 2371 1254 2453 recipiendarum

284 2471 540 2552 appellationum,
570 2489 628 2534 nou
660 2469 806 2543 humana,
839 2469 891 2532 scd
923 2467 1029 2532 divina
1059 2469 1256 2532 inst'tutione

285 2561 439 2632 Primatui
470 2569 637 2643 inhaerere,
661 2568 706 2630 ita
737 2567 893 2648 praeclare
916 2566 1099 2647 comprobat
1130 2565 1257 2630 Benedi-

277 2667 355 2730 ctus
371 2665 446 2728 XlV
462 2665 499 2728 de
517 2664 640 2748 Synodo
662 2665 799 2728 Dioeccs.
816 2663 870 2726 lib.
888 2665 919 2738 4,
935 2683 961 2726 c.
979 2663 1014 2724 li:
1042 2663 1129 2752 «Est
1152 2663 1255 2727 huius

285 2763 370 2827 modi
394 2763 638 2845 appellationum
655 2763 704 2824 ius
728 2761 803 2824 adeo
820 2762 991 2824 necessario
1008 2759 1163 2824 adnexum
1187 2781 1254 2824 cum

286 2861 420 2924 Romani
444 2859 602 2924 Pontifiois
627 2860 658 2921 in
682 2859 858 2921 universam
882 2858 1051 2921 Ecclesiam
1069 2859 1255 2922 iurisdictio·

284 2959 333 3023 nis
357 2959 509 3022 Primatu.
534 2961 570 3020 ut
600 2975 689 3020 nemo
720 2957 819 3038 possit
850 2955 929 3018 illud
960 2957 991 3018 iu
1015 2957 1254 3020 controversiam

284 3056 445 3130 adducere,
462 3055 521 3118 nisi
544 3057 576 3118 et
599 3054 679 3117 hunc
695 3053 771 3117 velit
793 3053 963 3135 praefracte
977 3053 1115 3116 inficiari.
1133 3053 1254 3118 Etenim

284 3173 355 3218 cum
381 3153 539 3216 Primatus
563 3151 781 3234 praerogativa
799 3151 958 3214 Romanus
979 3152 1122 3216 Pontifex
1145 3152 1187 3214 sit
1210 3169 1255 3214 su·

286 3270 410 3334 promus
442 3251 473 3313 in
497 3249 633 3313 Ecclesia
666 3247 771 3323 ludex,
795 3247 905 3327 cuique
930 3247 1023 3312 datur
1046 3267 1100 3330 per
1123 3249 1254 3330 appella·

286 3349 403 3413 tionem
420 3347 516 3429 ipsius
532 3346 696 3428 implorare
713 3345 895 3419 tuitionem3
920 3345 959 3408 ab
976 3344 1130 3409 inferioris
1145 3345 1255 3428 quippe

286 3447 441 3512 sententia
461 3443 627 3526 superioris
650 3441 788 3506 tribunal
811 3441 896 3505 adire
921 3443 1064 3506 omnibus
1079 3461 1254 3507 concessum

284 3563 362 3620 esse,
386 3544 453 3626 ipsa
477 3541 630 3605 naturalis
653 3539 795 3620 aequitas
816 3537 916 3602 dictat
939 3541 971 3602 et
994 3539 1255 3622 persuadet».-

287 3642 347 3706 ΙΙΙ.
371 3641 479 3706 Nonne
511 3640 543 3704 S.
567 3638 721 3701 Aureum.
746 3637 790 3719 (p.
815 3636 846 3712 3,
867 3653 946 3700 sum.
971 3637 1023 3701 tit.
1049 3638 1102 3714 23,
1125 3657 1150 3700 c.
1176 3638 1206 3714 3,
1221 3638 1255 3702 de
