2812 4268
306 265 361 320 362
607 269 781 317 raimerus
804 269 844 317 DE
868 267 968 318 subus

252 514 256 524 ,
307 467 469 550 spirituale
496 470 643 550 perpetuo
675 468 899 532 adnecteretur.
930 468 1005 532 Inde
1033 469 1183 534 beneficia
1213 471 1273 536 ori·

307 567 411 650 giuem
436 565 600 630 duxerunt.
624 603 656 612 -—
677 565 740 631 Cir.
764 566 880 650 Soglia
905 567 1027 631 Devoti.

354 665 450 728 1042.
473 703 519 712 -
543 667 658 730 liatura
690 665 928 731 beneficiorum.
952 701 994 711 —
1027 665 1052 728 l.
1076 664 1275 746 Beneficium

307 761 393 841 opud
410 764 586 842 minwerco
604 783 750 826 consonos
773 761 971 846 significabat
992 761 1155 846 praedium
1171 763 1276 828 fiscale

307 857 437 924 ducibus
460 879 496 924 ac
518 861 671 924 militibus
694 860 732 923 dc
754 861 910 942 republica
933 861 1054 925 meritis
1083 879 1274 926 concessum.
1380 891 1381 924 r

312 954 488 1022 (laconicae
523 960 683 1040 sumptum
715 957 878 1023 definitur:
903 959 1159 1038 imperpetuum
1178 959 1278 1038 perci·

303 1056 415 1134 piendi
436 1055 557 1135 fractus
579 1057 617 1120 de
640 1057 728 1120 bocia
752 1057 977 1134 ecciesiasticis,
993 1055 1093 1136 officii
1112 1077 1220 1132 cauca,
1237 1057 1276 1120 cb

307 1155 492 1219 auctoritate
514 1154 720 1219 ecclesiastico
743 1156 953 1218 constitutum.

355 1252 451 1316 1043.
475 1288 519 1300 -
542 1254 583 1316 ΙΙ.
606 1253 689 1317 Huic
713 1253 776 1316 tric
799 1254 1005 1334 requiruntur
1026 1254 1071 1316 ad
1093 1251 1277 1332 beneficiam

308 1347 546 1412 ecclesiasticam
569 1349 620 1431 (de
643 1368 703 1430 quo
733 1350 821 1414 unice
854 1350 1011 1434 agimue)t
1046 1350 1079 1412 1ο
1103 1350 1279 1414 auctoritas
1381 1419 1382 1440 χ

308 1447 515 1512 ecclesiastica
538 1447 657 1531 erigene
681 1447 780 1530 (Papa
797 1448 846 1512 vel
861 1447 1027 1530 episcopi);
1052 1445 1087 1510 2⁰
1103 1448 1279 1512 auctoritas
1381 1443 1382 1512 i

308 1545 514 1610 ecclesiastica
538 1544 708 1621 conferens3
733 1545 769 1607 3⁰
792 1546 994 1628 perpetuitas.

355 1643 451 1707 1044.
469 1680 510 1690 -
528 1643 585 1705 ΙΙΙ.
601 1642 797 1724 Beneficium
820 1643 1027 1724 distinquitar
1041 1664 1063 1707 c
1078 1661 1277 1708 paruulorum.

309 1741 393 1805 Haec
416 1742 497 1805 enim
528 1742 651 1805 tantum
687 1740 919 1822 comprehendit
948 1741 1077 1816 fructus,
1100 1739 1224 1805 reditus
1247 1743 1279 1806 et

309 1839 528 1915 emolumenta,
553 1857 631 1921 quae
654 1837 772 1903 clericis
794 1841 878 1904 certo
902 1839 1079 1914 obveniunt,
1093 1837 1279 1904 ecclesiasti-

309 1956 415 2001 corum
440 1937 611 2002 officiorum
628 1938 659 2000 ct
680 1936 896 2001 beneficiorum
920 1956 1023 2002 cauea.
1037 1937 1080 2000 At
1100 1955 1174 2002 vero
1192 1937 1279 2001 benc·

308 2035 375 2116 ficti
397 2056 507 2099 comeo
524 2035 621 2098 latice
639 2039 737 2114 potet,
755 2035 901 2116 quoniam
918 2054 977 2100 uon
991 2053 1026 2099 ea
1043 2037 1181 2111 tautum,
1198 2054 1279 2117 quae

309 2133 490 2216 praebenda,
514 2133 754 2215 comprehendit,
779 2133 832 2198 sed
855 2135 951 2200 etiam
974 2134 1220 2198 ecclesiasticum
1237 2132 1280 2199 oi·

309 2231 414 2295 ficium
438 2233 469 2294 et
492 2231 725 2312 magistratum.

356 2329 452 2392 1045.
469 2365 513 2374 —-
528 2327 583 2392 IV.
601 2328 786 2393 Beneficium
812 2331 935 2411 propter
958 2329 1121 2412 spirituale
1137 2328 1277 2393 officium

310 2428 491 2492 institutum
522 2428 579 2491 est.
611 2427 679 2491 Non
711 2427 793 2491 enim
829 2427 963 2492 Clericos
997 2427 1113 2492 otiosos
1136 2428 1169 2491 et
1199 2427 1279 2490 nibil

310 2527 436 2609 agentes
452 2545 487 2589 er
503 2525 719 2590 ecclesiasticis
741 2525 893 2589 reditibus
908 2525 1011 2588 vivere
1034 2525 1175 2606 oportet3
1196 2523 1279 2588 unde

310 2623 481 2688 beneficiati
505 2623 616 2688 debent
648 2624 800 2706 imprimis
822 2623 1005 2686 ministrare
1030 2626 1060 2686 et
1085 2643 1188 2697 crare,
1214 2623 1279 2687 eive

311 2722 413 2787 Horas
442 2723 604 2787 canonicae
635 2723 774 2804 quotidie
808 2721 947 2796 recitare,
975 2723 1007 2785 et
1029 2720 1108 2785 illud
1130 2721 1163 2784 iu
1187 2721 1279 2786 corde

311 2820 431 2897 habere,
448 2822 485 2884 ut
508 2820 664 2901 proprium
688 2820 895 2884 ministerium
912 2821 944 2883 et
960 2819 1095 2884 officium
1119 2821 1229 2882 sancte
1243 2827 1279 2882 ac

310 2915 455 2998 retipicse
478 2916 678 2999 adimpleant,
704 2917 833 2981 scientes
850 2917 932 2998 quod
947 2916 1279 2994 mondoccatpccoota

308 3015 502 3095 populorum,
527 3033 563 3078 ac
586 3015 712 3097 proinde
743 3013 854 3079 debent
883 3015 961 3079 totis
991 3014 1109 3078 viribus
1142 3011 1278 3096 gloriam

312 3111 413 3177 Patris
447 3112 729 3177 misericordiarum
752 3114 783 3176 ct
817 3113 1046 3177 conversionem
1078 3112 1277 3194 peccatorum

312 3227 485 3292 procurare.

358 3307 455 3371 1046.
478 3343 522 3352 —
547 3307 676 3373 bilisio.
700 3343 744 3353 —
776 3306 942 3386 Beneficio
964 3309 1059 3370 sont:
1089 3305 1114 3368 1.
1139 3299 1277 3377 lirrosa,

312 3405 359 3470 uti
382 3405 527 3469 beneficia
562 3405 791 3488 Episcoporum
815 3407 847 3468 et
869 3404 1064 3468 Prelatorum
1091 3402 1278 3467 iurisdictio

313 3521 381 3568 nem
405 3502 709 3583 quasi-episcopalem
731 3503 955 3578 exercentium3
979 3502 1035 3566 vel.
1051 3517 1181 3575 mom,
1206 3501 1227 3564 i.
1252 3519 1277 3564 c.

309 3601 432 3664 caetera
456 3600 602 3666 beneficia
625 3600 780 3666 inferiora.
