2750 4270
248 229 254 239 ’
300 228 354 280 210
502 230 675 276 aasentias
698 231 741 276 lll.
767 231 805 275 DE
830 226 1050 274 ELECTIONIBUS

669 322 892 330 *t-—t-m

298 430 389 494 rebus
412 431 444 493 et
467 430 598 514 negotiis
621 431 763 512 prompte
786 431 818 493 et
841 428 975 492 fideliter
991 429 1078 492 certa
1095 427 1135 491 ab
1151 427 1197 490 eis
1214 445 1265 490 no·

298 527 371 590 titia
394 546 449 608 pro
472 546 575 590 rerum
599 529 823 611 emergentium
847 525 1083 608 opportunitate
1103 524 1263 596 habeatur,
1356 587 1357 590 ,

296 625 337 688 ad
361 626 495 688 mentem
512 623 640 688 Consilii
663 625 837 690 Tridentini
861 623 975 688 decreti
995 623 1161 698 statuitur,
1179 622 1217 684 ut
1232 639 1264 683 er
1356 633 1357 636 ’

298 723 441 786 omnibus
465 720 712 786 Christianitatis
729 722 917 796 nationibus,
936 721 1090 802 quantum
1108 717 1265 784 commode

297 819 364 883 lieri
388 820 512 900 poterit,
536 819 636 882 idonei
652 821 862 884 assumantur.
880 818 965 880 Inter
981 817 1187 900 septuaginta
1200 814 1267 879 Oar-

297 917 415 980 dinales
438 917 559 997 praeter
582 917 722 1000 egregios
746 917 908 996 utriusque
931 914 1008 978 iuris
1024 915 1057 976 et
1073 913 1267 976 decretorum

297 1014 447 1089 doctores,
461 1032 521 1077 non
538 1013 640 1076 desint
656 1013 777 1094 aliquot
793 1013 928 1095 insignes
946 1011 1004 1074 viri
1021 1012 1052 1074 in
1066 1030 1155 1074 sacra
1172 1010 1267 1073 Theo-

295 1111 381 1194 logia
404 1111 567 1194 magistri3
592 1112 773 1192 praesertim
798 1129 832 1172 er
856 1109 1053 1192 regularibus
1087 1109 1120 1171 et
1152 1106 1268 1171 mendi·

295 1210 434 1272 centium
466 1207 631 1272 Ordinibus
662 1207 849 1283 assumendi,
884 1207 997 1271 saltem
1028 1209 1178 1288 quatuor,
1211 1224 1268 1269 non

296 1307 402 1369 tamen
427 1307 586 1386 pauciores
611 1303 686 1386 (Cir.
701 1305 779 1368 Sinti
796 1305 833 1380 V,
851 1303 958 1368 Oonst.
972 1303 1153 1383 Postquam
1169 1322 1267 1378 cerus,

296 1404 316 1466 3
341 1403 414 1467 Dec.
442 1403 551 1486 1586).
569 1441 610 1449 -
627 1403 714 1466 Noto
738 1401 821 1484 quod
844 1422 904 1466 non
927 1421 998 1466 raro
1023 1403 1172 1465 creantur
1197 1399 1267 1464 Ger·

295 1501 413 1564 dinales
429 1502 515 1564 extra
533 1519 667 1564 mensem
681 1500 868 1576 Decembris,
882 1519 953 1563 cum
967 1499 999 1562 id
1012 1500 1118 1562 totum
1136 1497 1270 1580 pendeat
1357 1549 1358 1568 ,

294 1617 313 1662 a
337 1597 494 1661 Pontificis
516 1598 646 1661 Maximi
662 1597 791 1661 arbitrio
808 1599 839 1660 et
857 1616 1001 1678 suprema
1012 1597 1225 1660 auctoritate.

341 1696 416 1758 605.
440 1731 484 1740 ——
507 1695 586 1759 Rue.
611 1695 658 1758 Il⁸
683 1696 869 1777 dualitates.
882 1731 927 1740 -
942 1694 1110 1758 Praeterea
1127 1694 1185 1775 qui
1201 1691 1269 1756 Oar-

293 1791 411 1856 dinales
434 1792 556 1856 creandi
580 1793 680 1869 erunt,
704 1793 854 1875 legitimis
878 1793 911 1856 et
934 1793 1072 1856 honestis
1090 1792 1158 1855 sint
1173 1789 1268 1855 exorti

294 1886 462 1963 natalibus,
487 1908 584 1970 neque
606 1889 672 1952 ulla
696 1908 821 1970 prorsus
844 1889 925 1966 labe,
951 1891 1008 1952 aut
1027 1888 1268 1971 illegitimorum

294 1987 447 2050 natalium
473 1987 645 2068 suspicione
669 1987 779 2068 quovis
803 1986 895 2050 modo
920 1987 1073 2062 laborent,
1099 1986 1155 2049 sed
1187 1983 1269 2048 omui

294 2083 418 2146 moceria
441 2089 470 2146 et
493 2084 672 2161 impuritate
695 2087 846 2158 corceat;
871 2083 1011 2164 alioquin
1035 2081 1076 2146 ad
1100 2084 1170 2146 tam
1200 2081 1269 2145 emi·
1355 2099 1357 2138 r

293 2183 418 2244 nentem
441 2181 604 2263 dignitatis
627 2181 760 2264 gradum
784 2181 907 2262 penitus
930 2181 1095 2257 inhabiles,
1121 2182 1156 2244 et
1188 2180 1268 2243 illius

293 2280 453 2360 incapaces
477 2279 539 2342 sint
562 2280 593 2342 et
617 2297 682 2342 esse
705 2281 888 2342 censeantur
912 2278 1028 2360 (ibid).

339 2377 414 2438 606.
438 2411 482 2422 -
504 2376 583 2439 Rue.
608 2375 680 2438 1112.
712 2373 750 2440 Si
772 2396 848 2455 quos
868 2380 999 2455 propter
1022 2374 1267 2454 defenderitis

294 2474 350 2536 aut
373 2473 594 2552 impedimenta
617 2491 828 2553 quaecumque
851 2472 891 2536 ad
922 2492 1027 2536 sacros
1059 2472 1193 2536 Ordines
1224 2489 1267 2536 se-

293 2567 428 2632 cundnm
451 2569 613 2631 canonicas
637 2569 809 2632 sanctiones
833 2571 1011 2649 promoveri
1039 2570 1086 2634 fas
1119 2589 1182 2634 non
1213 2569 1265 2642 est,

293 2667 416 2730 etiamsi
440 2685 510 2727 cum
534 2665 609 2746 ipsis
626 2666 804 2746 Apostolica
820 2666 1022 2731 Auctoritate
1039 2668 1135 2731 fuerit
1152 2668 1268 2750 dispen-

292 2765 408 2837 satum,
433 2781 507 2824 neve
531 2763 662 2826 alicuius
684 2764 822 2826 criminis
846 2765 902 2827 aut
925 2765 1076 2828 infamiae
1100 2768 1177 2830 nota
1211 2781 1267 2828 res

292 2862 373 2942 persi
397 2860 469 2932 sint,
493 2859 524 2921 in
549 2857 726 2923 Cardinales
749 2860 814 2924 ullo
839 2879 978 2942 unquam
1010 2864 1152 2945 tempore
1183 2879 1266 2927 assu·
1355 2849 1356 2856 ἵ

292 2959 420 3020 mantnr
443 2956 556 3036 (ibid).

338 3053 412 3115 eol.
439 3089 480 3096 —
506 3053 583 3115 ltne.
608 3051 681 3114 lVe.
703 3052 883 3116 Lectissr'mr'
905 3058 936 3116 et
952 3055 1186 3133 praecellentes
1211 3052 1265 3119 viri

292 3151 322 3214 in
347 3151 449 3230 ipsum
473 3150 637 3232 collegium
662 3149 887 3227 adscribantur,
903 3154 935 3214 et
952 3171 1086 3232 quorum
1101 3155 1187 3218 vitae
1203 3169 1265 3234 pro·

291 3248 375 3310 bitas
398 3265 578 3326 morumque
594 3246 715 3320 candor,
734 3248 894 3326 praestans
911 3247 1055 3313 doctrina
1072 3252 1105 3314 et
1122 3249 1264 3323 eruditio,

291 3344 404 3408 eximia
428 3344 526 3423 pietas
550 3345 581 3404 et
604 3362 677 3424 erga
702 3344 835 3406 salntem
859 3345 1037 3408 animarum
1062 3347 1177 3411 ardens
1204 3351 1263 3410 stu-

291 3441 378 3504 dium
402 3441 434 3502 et
458 3439 551 3512 zelus,
575 3439 606 3500 in
630 3439 738 3502 dandis
762 3440 896 3504 consiliis
913 3443 1033 3508 sincera
1050 3446 1129 3510 fides
1146 3448 1178 3510 et
1194 3445 1264 3509 inte·
1354 3505 1355 3510 ,

291 3538 401 3620 gritas,
433 3535 465 3598 in
496 3535 585 3597 rebus
615 3535 755 3616 gerendis
785 3537 953 3620 singularis
983 3540 1165 3621 prudentia,
1197 3559 1263 3606 con·
1354 3601 1355 3610 ,

291 3633 409 3696 stantia
422 3633 454 3694 et
465 3631 646 3705 auctoritas,
660 3634 692 3694 et
703 3632 783 3696 aliae
795 3635 965 3714 qualitates
978 3656 997 3700 a
1012 3638 1082 3702 iure
1099 3639 1262 3722 requisitae
1354 3673 1355 3686 ,
