2818 4276
320 1159 431 1224 ‘ohe
450 1161 477 1224 i.
505 1199 548 1208 -
572 1161 696 1227 NOTIO
719 1163 993 1230 HIERARCHIAE
1017 1166 1187 1233 ORDINIS

705 1343 838 1352 m

333 1507 408 1570 366.
425 1527 469 1553 -·-
485 1505 671 1599 Tenendum.
683 1545 726 1554 -
738 1507 763 1570 l.
777 1508 890 1572 Divina
905 1508 1003 1592 igitur
1015 1508 1210 1575 ordinatione
1223 1513 1255 1575 in

286 1605 423 1669 Ecclesia
447 1604 598 1669 catholica
615 1605 761 1668 instituta
778 1606 825 1668 est
841 1605 1021 1681 hierarchia,
1039 1603 1119 1687 quae
1134 1613 1258 1672 constot

280 1701 462 1781 imperans,
491 1699 694 1782 Presbyterie
722 1706 751 1764 ct
781 1700 956 1765 Ministro.
985 1703 1021 1766 In
1053 1701 1254 1769 Sacramento

285 1799 409 1864 Ordinis
434 1800 513 1864 siout
537 1801 568 1862 in
592 1799 755 1882 Baptismo
781 1800 813 1862 et
829 1797 1070 1864 Confirmatione
1093 1801 1256 1866 character

287 1897 486 1980 imprimitur,
512 1899 564 1978 qui
588 1917 642 1960 neo
665 1897 770 1971 deleri,
788 1915 842 1960 nee
866 1895 980 1961 auferri
1003 1899 1117 1979 potest.
1140 1899 1256 1964 Merito

287 1995 413 2077 proinde
430 1995 609 2059 Tridentina
633 1994 774 2078 Synodus
790 1994 919 2058 damnat
935 2013 1041 2059 eornm
1054 1997 1253 2072 sententiam,

285 2093 341 2174 qui
357 2095 499 2158 asserunt
522 2093 594 2156 novi
621 2092 812 2157 Testamenti
837 2090 1016 2156 Sacerdotes
1032 2095 1255 2174 temporariam

285 2191 506 2256 tantummodo
525 2192 714 2272 potestatem
730 2189 852 2265 hahere,
880 2191 912 2252 et
935 2189 1030 2252 semel
1053 2190 1112 2254 rite
1130 2191 1254 2256 ordina·

286 2285 748 2364 tum,iternm1aioumeffioi
779 2305 878 2368 posse,
908 2286 933 2348 si
963 2287 1049 2352 verbi
1076 2287 1135 2351 Dei
1161 2289 1254 2355 mini-

283 2385 415 2448 sterium
440 2404 499 2450 non
523 2385 670 2449 exerceat.

332 2483 408 2545 367.
425 2519 469 2529 -
492 2483 533 2546 Ii.
550 2481 697 2546 Summas
720 2479 913 2544 hierarchice
930 2480 1052 2544 ordinas
1067 2482 1184 2565 gradus
1200 2483 1241 2546 ha

285 2581 379 2644 betur
401 2581 432 2644 in
456 2581 615 2664 Episcop0,
636 2599 726 2661 quem
751 2580 922 2660 sequuntur
944 2579 1120 2662 Presbyteri
1144 2583 1176 2643 et
1191 2581 1251 2645 Mi·

284 2678 387 2742 nistri.
412 2678 499 2743 Unde
517 2679 681 2760 Episcopus
705 2696 741 2740 ex
756 2676 860 2740 Innoo.
874 2676 921 2738 III
945 2677 992 2740 est
1015 2697 1154 2740 mmmus
1173 2678 1252 2760 (sire

287 2776 434 2859 magnus)
455 2774 614 2851 Sacerdos,
629 2776 681 2856 qni
695 2773 810 2838 ordinis
827 2773 1049 2855 plenitudinem
1065 2774 1168 2838 habet.
1189 2775 1221 2840 n
1243 2812 1252 2822 ·

287 2875 369 2939 tione
392 2875 628 2949 inmedictiooa'e,
645 2891 739 2938 sonos
761 2890 840 2936 rnen
864 2876 911 2936 est
932 2892 1071 2936 sommae
1093 2893 1131 2936 ee
1147 2894 1253 2953 eapro-

283 2992 355 3036 mas
376 2971 535 3036 Sacerdos
561 2971 648 3035 Unde
672 2970 757 3034 sodes
780 2971 910 3034 vocatur
934 2989 1075 3034 summus
1099 2970 1251 3046 Pontifex,

285 3089 449 3152 supremus
472 3071 595 3134 Pastor.

332 3169 408 3233 368.
428 3205 468 3214 -
486 3167 609 3233 Cateoh.
628 3165 758 3231 Concilii
776 3166 958 3242 Tridentini,
975 3165 1012 3230 de
1029 3167 1114 3232 Scor.
1133 3166 1251 3242 Ordin,

287 3267 362 3330 haee
386 3267 495 3330 habet:
525 3291 541 3323 ‹<
567 3265 682 3328 Verum
707 3264 821 3328 ordinis
839 3265 976 3346 potestas
992 3283 1053 3328 non
1069 3265 1169 3328 solnm
1185 3283 1254 3328 eon·

285 3364 451 3429 sectandae
475 3363 689 3428 Eucharistiae
713 3363 787 3436 vim,
816 3364 848 3426 et
875 3362 1063 3444 potestatem
1094 3362 1252 3427 continet:

286 3461 341 3526 sed
357 3461 397 3526 ad
413 3481 482 3526 eam
498 3460 707 3543 accipiendam
723 3460 883 3524 hominum
900 3460 1020 3536 animos
1033 3463 1208 3542 praeparat,
1222 3463 1255 3526 et

287 3558 411 3624 idoneos
441 3559 553 3635 reddit,
586 3559 768 3640 caeteraque
800 3557 903 3622 omnia
934 3557 1150 3640 complectitur
1173 3577 1255 3640 quae

284 3656 327 3719 ad
342 3655 572 3720 Eucharistiam
589 3654 698 3737 quovis
714 3653 804 3720 modo
820 3652 927 3718 referri
942 3654 1083 3737 possunt.
