2750 4270
286 237 351 284 ClP.
375 239 407 286 11.
433 238 472 283 DE
496 237 702 284 sowroafflos
725 235 936 284 EPISCOPORL'M
1041 236 1092 292 241

166 436 377 500 osa-111.
401 435 518 500 Vicarii
534 435 694 502 Generalis
706 435 878 500 iurisdictio
898 436 1002 517 potius
1014 435 1097 500 ordi-

115 536 213 600 naria
238 535 362 600 videtur
386 553 480 616 quam
507 535 660 617 delegata,
685 535 838 615 quatenus
861 534 927 598 eius
959 533 1097 598 officium

116 653 175 716 per
199 633 305 715 legem
329 651 384 696 seu
406 651 552 696 canonem
576 631 743 714 probatum
767 633 825 706 est,
849 632 881 694 et
906 649 1096 712 quamquam

115 732 262 796 alterum
286 730 344 794 sibi
367 729 601 794 Pro-Vicariurn
624 729 812 794 susbtituere
828 729 970 810 nequeat,
988 747 1098 792 causas

115 834 232 896 tamen
249 829 370 910 aliquas
393 828 484 892 alteri
511 829 654 908 delegare
688 829 799 910 potest,
832 827 914 908 quod
944 827 1098 910 delegatis

114 945 179 992 non
194 927 282 990 licet.
292 963 336 972 -
348 924 409 989 Ofr.
423 925 540 1009 Soglia,
557 927 616 990 etc.
630 962 664 970 -
677 924 794 1006 Nequit
803 924 1012 1007 indulgentias
1028 943 1098 990 cou-

115 1025 230 1090 cedere
255 1042 351 1104 neque
368 1023 638 1088 confraternitates
654 1023 770 1106 erigere
788 1021 1009 1106 (Sanguiuetti,
1026 1023 1096 1086 Iar.

116 1122 211 1190 Eccl.
238 1123 332 1197 Iast,
357 1142 386 1184 n.
411 1121 501 1192 3561.

165 1221 249 1284 699.
268 1255 306 1264 -
321 1218 376 1282 lV.
390 1217 532 1301 Vicarius
545 1218 706 1284 Generalis
721 1218 953 1300 delinquens⁴ut
969 1237 1098 1300 persona

115 1319 261 1402 privata,
286 1317 387 1398 puniri
412 1319 515 1398 potest
538 1317 578 1381 ab
601 1317 768 1400 Episcopo:
793 1315 973 1398 delinquens
988 1320 1024 1378 ot
1048 1316 1099 1380 Vi·

115 1415 242 1487 cara'os,
267 1413 369 1495 puniri
393 1413 484 1478 debet
508 1415 546 1478 ab
569 1415 816 1497 Archiapiscopo,
834 1414 907 1496 quia
920 1414 1012 1478 aliter
1029 1414 1098 1496 llpi-

116 1533 238 1595 scopus
262 1514 342 1576 esset
365 1512 459 1576 iudex
482 1513 514 1576 iu
538 1531 631 1576 causa
656 1513 745 1594 quasi
769 1512 903 1594 propria.

169 1611 250 1674 700.
279 1647 315 1655 -
342 1607 380 1672 V.
405 1607 548 1674 Vicarins
572 1607 732 1674 Generalis
766 1609 899 1674 incidere
929 1611 1033 1692 potest
1064 1610 1096 1674 in

116 1709 250 1774 casibus
262 1708 410 1790 Episcopo
423 1707 598 1782 reservatis,
615 1709 647 1770 et
659 1709 734 1770 tunc
750 1708 853 1789 potest
870 1707 990 1772 absolvi
1002 1708 1097 1772 etiam

35 1845 38 1851 ,
117 1809 160 1872 ab
188 1825 225 1870 eo
249 1806 299 1869 cui
323 1805 465 1868 Vioarius
489 1806 567 1868 hanc
590 1808 776 1888 potestatem
794 1805 1097 1889 subdelegaverit-

119 1904 189 1970 cfr.
215 1903 349 1978 Scavini,
374 1903 573 1978 Laurenium,
599 1906 657 1966 etc.
682 1939 724 1948 -
748 1903 854 1968 Nora:
888 1901 1007 1966 Wcorii
1027 1903 1097 1967 Mo

118 1999 263 2066 niallam
287 2001 359 2063 sunt
382 1999 459 2062 meri
483 1999 620 2082 delegati
635 2000 674 2064 ab
691 2001 833 2064 homine:
858 1999 938 2063 unda
951 2000 1098 2064 standum

118 2101 171 2164 est
196 2098 297 2164 tenori
309 2097 485 2162 litterarum
500 2097 611 2180 quibus
631 2097 771 2162 instituti
784 2100 866 2173 sunt,
881 2099 918 2160 ut
934 2095 1100 2162 videantur

4 2273 5 2282 ,
119 2217 234 2263 eorum
257 2196 434 2260 facultates.

3 2369 4 2380 ἶ
169 2295 248 2357 701.
276 2331 313 2339 -
339 2295 443 2360 Varia.
467 2331 511 2339 —
543 2293 568 2357 I.
593 2291 715 2357 Vncnan
739 2292 919 2358 Gnnnnnnrs
943 2309 1097 2358 ananus:

120 2395 157 2458 1⁰
183 2394 232 2456 est
255 2390 390 2459 cattam
413 2411 482 2454 eum
505 2391 653 2456 montalto
676 2393 768 2471 ntpro
791 2393 823 2455 et
854 2391 971 2466 biret03
1008 2393 1039 2454 et
1070 2390 1098 2454 si

120 2493 166 2556 sit
192 2489 439 2565 Protonotarius,
464 2490 491 2552 ei
515 2489 588 2554 licet
612 2489 660 2552 uti
684 2489 818 2554 subtana
842 2507 912 2552 cum
936 2489 1034 2552 cauda
1067 2490 1100 2552 et

119 2587 336 2654 mantelletto.
361 2588 395 2648 2⁰
421 2587 456 2650 ln
479 2587 572 2651 choro
597 2589 629 2650 et
652 2588 683 2650 iu
707 2587 817 2651 habitu
841 2586 980 2650 vicariali
1010 2605 1099 2668 prae·

120 2687 207 2752 cedit
224 2685 368 2750 omnibus
385 2686 548 2750 Canonicis
566 2704 626 2749 non
644 2687 771 2766 paratis,
789 2687 914 2766 excepto
933 2685 1099 2749 hebdoma-

121 2785 221 2849 dario.
247 2783 282 2847 3⁰
307 2783 402 2847 Nulla
427 2783 544 2866 gaudet
567 2785 808 2864 praeeminentia
831 2785 856 2847 si
881 2785 1011 2846 assistat
1034 2783 1099 2846 sine

1 2861 2 2880 ³
122 2883 237 2946 habitu
262 2880 412 2956 vicariali,
438 2900 467 2943 v.
492 2899 522 2962 g.
547 2881 573 2942 si
597 2881 639 2944 sit
656 2881 828 2944 Canonious
844 2883 876 2944 et
892 2881 1034 2944 habitum
1051 2899 1098 2942 ca·

122 2980 300 3045 nonicalem
323 2981 422 3063 gerat,
447 2979 539 3060 idque
564 2998 622 3042 non
640 2979 783 3042 obstante
799 2980 955 3042 contraria
973 2995 1097 3042 consue-

123 3079 244 3142 tudine.
269 3077 304 3139 4⁰
327 3075 470 3141 Vicarius
494 3075 654 3140 Generalis
679 3077 730 3158 qui
748 3077 790 3140 sit
806 3077 901 3141 etiam
915 3075 1098 3152 Canonicus,

125 3177 151 3241 si
176 3177 254 3240 velit
278 3175 326 3238 uti
350 3174 492 3238 Vicarius
516 3175 662 3238 interesse
686 3175 818 3249 Divinis,
842 3176 945 3256 potest
967 3176 998 3238 et
1014 3192 1099 3256 prae-

1 3337 2 3354 ,
125 3276 229 3348 cedit3
254 3273 307 3338 sed
332 3271 564 3337 distributiones
588 3271 719 3336 amittit.
743 3271 833 3351 Quod
856 3272 883 3338 si
906 3272 1035 3336 assistat
1063 3271 1099 3334 ut

1 3379 2 3442 ξ
126 3369 311 3444 (laconicus,
336 3371 442 3435 sedeat
465 3371 497 3434 in
521 3390 575 3434 suo
599 3371 692 3434 stallo
715 3371 886 3435 canonicali
918 3390 989 3434 cum
1012 3367 1100 3434 indn-

126 3469 241 3538 meutis
265 3469 505 3534 canonicalibus.
530 3469 647 3532 -lta
671 3488 720 3551 ap.
746 3467 869 3534 Scarini
887 3465 909 3531 ¹.
1039 3525 1042 3530 .

164 3684 233 3738 1Αᾱ
242 3688 299 3739 rem
306 3684 419 3750 faciant
427 3685 587 3752 aequantia:
598 3683 619 3738 l.
628 3681 757 3736 Vicarius
772 3701 828 3738 non
840 3683 1101 3751 estexspectandus

185 3827 210 3870 16
224 3847 252 3860 -
266 3826 332 3868 lura
348 3825 406 3870 Gan.
