2818 4276
312 229 362 284 166
442 235 615 285 TltACTATUS
639 240 677 286 DE
702 241 892 290 HIERARCHIA
915 245 1148 292 lURlSDlCTIONIS

309 443 437 508 aloensis
460 444 492 506 et
515 439 730 516 Caesariensis,
759 461 890 522 quorum
908 443 975 506 iura
991 445 1136 508 interiere
1153 445 1277 526 quando

310 563 345 610 ex
368 541 494 605 illorum
517 540 681 622 provinciis
704 541 823 604 erectus
847 539 908 604 fuit
939 541 1177 606 Patriarehatus
1202 541 1278 608 Con·
1369 542 1377 606 ἰ

310 639 614 720 stantinopolitanus.
639 674 681 684 -
705 638 745 700 ΙΙ.
770 637 805 702 In
829 638 992 703 Occidente
1027 639 1195 704 Priomtes
1228 661 1278 724 ap
1334 717 1341 734 ι

309 739 417 823 pellati
441 739 514 802 sunt
536 737 679 819 Episcopi
703 737 822 800 sedium
847 737 958 818 quibus
993 737 1176 802 Vtooototos
1204 761 1276 820 opo

309 837 436 902 stelione
458 837 507 900 rel
530 835 662 916 Leontio
677 839 754 898 moto
771 836 926 916 quondam
943 855 1059 898 annexa
1076 835 1149 901 luit.
1184 838 1276 902 Tales

308 935 475 1000 Antistites
498 933 710 1006 Bituricensis,
736 932 915 1008 Toletanus,
940 931 1198 1016 salisburgensis,
1226 935 1277 998 Pi·

310 1052 413 1109 sanus,
437 1031 525 1096 etc.1
554 1028 642 1096 Unde
657 1030 810 1095 Prim'ates
834 1032 906 1094 sunt
930 1033 1063 1114 episcopi
1088 1033 1141 1113 qui
1159 1035 1279 1114 primas

308 1131 394 1196 sedes
417 1131 610 1210 Episcopales
633 1128 805 1192 Nationum
829 1130 977 1204 obtinent,
995 1131 1108 1212 quique
1126 1133 1278 1212 praesunt

309 1229 451 1294 omnibus
474 1228 690 1308 Metropolitis.

353 1328 429 1390 482.
463 1363 504 1374 -
538 1329 607 1392 lura
633 1327 835 1392 Primatuum.
870 1363 914 1372 -
952 1329 975 1392 Ι.
999 1327 1168 1404 Poterant,
1195 1331 1277 1392 inter

309 1427 380 1500 alia,
412 1427 444 1489 in
474 1426 543 1490 toto
578 1424 720 1486 Primatu
753 1443 873 1487 crucem
905 1425 1056 1490 anteferre
1084 1429 1116 1490 et
1139 1431 1278 1510 appella'-

308 1524 408 1588 tiones
420 1541 439 1586 a
451 1521 722 1602 Metropolitarum
735 1521 897 1584 sententiis
909 1523 1051 1602 recipere.
1060 1559 1103 1569 -
1112 1525 1155 1587 ll.
1170 1526 1277 1592 Hodie

308 1619 429 1684 honoris
452 1619 575 1682 tantum
599 1618 848 1701 praerogativam
874 1617 999 1693 habent,
1017 1639 1077 1684 non
1094 1641 1167 1686 vero
1183 1625 1276 1690 iuris-

308 1717 462 1781 dictionis.

353 1815 428 1878 483.
452 1849 496 1860 -—
520 1815 623 1880 tarta.
647 1851 691 1860 —
714 1813 739 1876 Ι.
763 1813 799 1876 ln
823 1812 937 1888 Gallia,
969 1834 1022 1896 per
1053 1818 1273 1883 concordatum

307 1931 357 1991 an.
378 1912 474 1987 1801,
498 1911 712 1994 Lugdunensis
728 1911 850 1974 Primas
865 1911 914 1974 ius
934 1913 1152 1994 appellationis
1176 1916 1273 1997 (qnod

307 2009 408 2074 adhue
429 2009 577 2092 habebat)
602 2010 717 2073 amisit.
741 2047 785 2055 —
808 2009 848 2072 ll.
873 2008 965 2090 Apud
992 2010 1084 2074 Afros
1117 2011 1275 2078 Primates

306 2107 526 2189 Metropolitae
550 2113 647 2182 erant,
672 2107 766 2188 atque
789 2106 860 2169 hinc
894 2105 1060 2171 Numidiae
1091 2111 1271 2192 metropoli-

307 2205 417 2268 tanum
441 2203 617 2268 Primatum
640 2203 835 2286 Augustinus
859 2206 950 2269 vocat
973 2203 1124 2287 (Devoti).

352 2303 427 2365 484.
452 2339 496 2348 --
519 2303 614 2384 oripo
641 2303 917 2383 Metropolitanum.
942 2339 986 2349 -
1009 2304 1034 2366 Ι.
1051 2303 1195 2386 Apostoli
1212 2307 1274 2371 fue-

306 2402 380 2464 runt
403 2400 545 2464 unctores
568 2399 827 2482 Metropolitanac
851 2400 1024 2482 dignitatis.
1046 2399 1173 2466 Certum
1191 2405 1271 2468 enim

306 2499 354 2563 est
370 2497 475 2562 Titum
494 2516 512 2560 a
528 2497 566 2560 D.
584 2497 682 2561 Paulo
699 2498 903 2562 constitutum
921 2499 1016 2563 fnisse
1035 2499 1269 2582 Metropolitum

306 2614 361 2678 pro
393 2593 494 2671 Creta,
527 2597 558 2659 et
585 2595 784 2660 Timotheum
814 2615 869 2677 pro
898 2595 992 2660 Asiae
1022 2599 1192 2678 provincia.
1228 2601 1274 2664 De

306 2713 368 2775 qua
392 2713 424 2758 re
450 2695 523 2758 haec
546 2694 668 2776 scripsit
692 2692 722 2757 S.
746 2693 808 2758 Leo
831 2693 983 2778 Magnus:
1012 2720 1029 2754 c
1045 2697 1129 2759 Inter
1156 2697 1273 2761 beatis·

306 2793 401 2857 simos
424 2791 592 2875 Apostolos
615 2791 646 2854 in
670 2791 872 2854 similitudine
896 2792 1020 2857 honoris
1043 2793 1103 2856 tuit
1119 2794 1270 2874 quaedam

306 2891 450 2956 diseretio
474 2889 647 2972 potestatis
672 2891 796 2952 etcum
821 2890 958 2953 omnium
983 2909 1038 2972 par
1054 2892 1135 2955 esset
1151 2891 1270 2967 electio,

305 2991 359 3054 uni
382 2991 487 3053 tamen
511 2989 620 3052 datum
645 2995 701 3064 est,
725 2989 762 3052 ut
796 2989 925 3052 caeteris
955 2989 1199 3070 praeemineret:
1234 2989 1270 3052 de

306 3107 367 3170 qua
390 3086 490 3152 forma
514 3087 736 3170 Episcopornm
761 3105 879 3168 quoque
903 3088 951 3150 est
974 3089 1041 3150 orta
1066 3087 1223 3152 distinctio
1239 3089 1270 3151 et

305 3205 419 3269 magna
446 3185 646 3267 dispositione
673 3185 831 3266 provisum
866 3187 923 3261 est,
956 3203 992 3248 ne
1028 3203 1134 3249 omnes
1170 3186 1270 3250 omnia

305 3285 365 3349 sibi
389 3285 589 3360 vindicarent,
614 3282 667 3347 sed
690 3283 792 3346 essent
814 3283 846 3346 in
870 3283 1001 3367 singulis
1024 3285 1193 3365 provinciis
1215 3285 1271 3348 sin·

351 3485 458 3540 ¹lnter
477 3485 615 3541 Primates
635 3487 775 3540 habentur
794 3491 823 3541 et
843 3487 892 3540 alii
921 3488 1034 3556 plurimi
1063 3487 1270 3556 Metropolitae,

304 3579 338 3629 ut
357 3574 585 3637 Tarraconensis,
607 3575 633 3628 S.
655 3573 811 3630 Salvatoris
831 3593 878 3630 seu
899 3575 933 3629 de
961 3575 1052 3629 Balria
1080 3576 1108 3628 in
1140 3575 1269 3632 Brasilia,

306 3665 473 3732 Bogotensis
492 3665 523 3718 in
542 3663 696 3728 Columbia,
716 3669 768 3719 ete.

1368 223 1374 292 t

1372 357 1373 368 Ι

1371 515 1375 533 i
