2812 4268
265 267 322 318 ’444
560 268 734 316 salmurus
758 269 797 314 DE
821 267 944 314 lUDlCllS

268 467 330 530 tati
351 485 550 548 personarum
573 467 698 549 cognita
721 466 773 540 sit,
789 464 869 528 unde
885 464 1034 538 defletum
1052 464 1168 528 censeri
1184 463 1237 528 de-

265 563 341 628 beat
363 563 528 628 notorium.

317 662 412 724 1436.
437 697 478 708 -
503 661 589 724 VIII.
614 659 730 724 Verum
754 659 953 724 tenetadhuo
967 660 1138 742 suspensio,
1155 660 1235 722 sier

267 759 407 840 pluribus
430 758 551 822 delictis
574 758 701 839 aliquod
725 757 818 821 fuerit
841 758 949 822 uotum
966 757 997 820 in
1021 756 1153 839 vulgus3
1178 757 1237 820 aut

265 857 294 920 si
317 857 442 932 crimen,
467 856 549 938 quod
569 857 641 920 ants
672 856 902 937 suspensionem
932 855 1035 918 fuerat
1066 855 1236 930 oecultum,

266 955 408 1044 delnoeps
431 956 502 1036 post
525 955 624 1036 ipsam
647 953 742 1018 fuerit
765 953 803 1016 ab
827 953 898 1026 aljis
921 952 1116 1035 evulgatum.

315 1053 410 1116 1437.
438 1089 477 1098 --
501 1053 557 1116 IX.
580 1051 728 1117 Prudeuti
752 1050 881 1114 arbitrio
904 1050 1123 1114 Praelatorum
1145 1050 1237 1114 relin-

266 1152 384 1233 quitur,
408 1151 615 1234 suspensionis
638 1143 775 1225 abusam,
800 1167 853 1212 sen
877 1149 976 1230 ipsam
993 1148 1128 1230 eulpam,
1141 1147 1238 1212 delin-

164 1283 171 1298 ·
266 1251 374 1331 quenti
398 1251 454 1314 aut
477 1249 658 1331 patefacere,
690 1249 747 1311 aut
781 1248 916 1311 retioere.
955 1245 1063 1310 Partes
1097 1246 1236 1326 alioquin

225 1428 228 1435 .
267 1348 433 1429 pastoralis
456 1345 672 1411 sollieitudinis
695 1347 727 1408 et
749 1345 912 1408 charitats
935 1341 1110 1408 eorumdem
1133 1345 1236 1418 erunt,
1336 1399 1339 1407 .

266 1447 305 1509 ut
328 1447 353 1508 si
376 1444 555 1510 istiusmodi
577 1462 707 1526 poenam
730 1461 877 1524 suspenso
900 1441 1098 1506 manifestare
1114 1460 1236 1504 censue·

267 1543 341 1615 rint,
366 1543 433 1624 ipsa
457 1561 492 1604 er
515 1541 660 1622 paternis,
679 1559 755 1620 quas
778 1540 983 1621 interponent,
1000 1539 1236 1613 monitionibus,

268 1640 382 1704 nedum
406 1639 446 1704 ad
469 1639 674 1720 expiationem
697 1637 815 1719 eulpae,
840 1637 1057 1700 verumetiam
1083 1637 1122 1700 ad
1137 1655 1239 1700 emen-

267 1738 426 1802 dationem
449 1732 665 1817 delinqnentis,
690 1736 721 1798 et
744 1734 783 1798 ad
807 1735 996 1804 occasionem
1020 1733 1165 1816 percandi
1184 1734 1240 1797 eli·

268 1835 445 1898 minandum
471 1833 649 1898 inserviant.

317 1933 412 1996 1438.
439 1969 479 1976 -
503 1931 542 1994 X.
566 1930 764 1994 Meminerint
795 1948 866 1994 vero
892 1930 1064 2005 Praesules,
1090 1928 1185 2010 quod,
1209 1931 1237 1994 si

268 2034 377 2094 eontra
401 2029 568 2100 decretum,
593 2047 653 2109 quo
677 2029 808 2110 irrigata
839 2027 900 2092 fuit
923 2028 1092 2108 suspensio,
1118 2046 1239 2108 promo

271 2130 380 2192 veatur
414 2145 555 2190 recursus
590 2126 629 2188 ad
659 2125 873 2206 Apostolioam
910 2125 1031 2200 Sedem,
1056 2128 1130 2188 tuno
1153 2126 1238 2206 apud

269 2225 369 2306 ipsam
392 2223 588 2306 comprobari
612 2223 723 2286 debeat
742 2223 843 2304 oulpa,
869 2241 947 2304 quae
971 2223 1068 2286 eidem
1095 2223 1240 2304 praebuit

269 2323 470 2386 oeoasIonem.
495 2319 681 2385 Consultum
698 2321 810 2384 ideireo
828 2320 897 2395 erit,
914 2322 951 2384 ut
967 2321 1134 2401 antequam
1161 2321 1239 2386 haee

270 2439 367 2502 poena
390 2419 561 2502 infligatur,
578 2419 775 2500 probationes
795 2419 889 2493 illius,
915 2419 1115 2499 quantumvis
1139 2419 1239 2486 extra·

268 2519 456 2582 iudicialiter
483 2520 514 2582 et
530 2518 657 2592 secreto,
675 2516 880 2599 colligantu13
904 2517 957 2582 ita.
967 2517 1004 2580 ut
1019 2535 1055 2580 eo
1070 2517 1138 2598 ipso
1154 2517 1239 2598 quod

269 2636 341 2680 oum
366 2616 450 2680 omni
473 2614 657 2678 certitudine
680 2614 905 2697 culpabilitatis
928 2615 959 2678 in
982 2615 1142 2696 punitione
1165 2613 1242 2678 inf-

269 2715 365 2778 renda
389 2713 582 2794 procedatur,
608 2713 634 2776 si
668 2711 808 2792 delnoeps
842 2731 936 2777 eausa
969 2713 1172 2776 examinanda
1196 2712 1240 2776 sit

270 2812 355 2892 apud
378 2811 591 2892 Apostolioam
608 2809 728 2885 Sedem,
746 2810 943 2890 probationes
965 2810 1103 2874 oriminis
1126 2812 1158 2874 in
1186 2827 1239 2873 eas

271 2909 474 2973 difficultates
486 2908 570 2972 haud
586 2908 770 2990 impingant,
784 2927 872 2988 quae,
886 2910 922 2972 ut
937 2909 1118 2990 plurimum,
1136 2927 1241 2972 oecur-

272 3009 347 3072 runt
369 3008 402 3070 in
424 3005 602 3070 istiusmodi
625 3005 756 3068 iudiciis.

321 3105 416 3169 1439.
445 3141 468 3150 -
507 3104 562 3166 XI.
585 3103 613 3166 A
637 3103 758 3168 decreto
779 3104 987 3186 suspensionis
1010 3121 1046 3166 er
1068 3103 1238 3171 informata

271 3203 459 3268 couscientia
483 3221 543 3265 non
559 3199 652 3263 datur
668 3201 836 3282 appellatio
853 3200 893 3264 ad
909 3201 1049 3265 tribunal
1071 3201 1240 3282 superioris

273 3301 398 3368 ordinis.
413 3301 584 3380 Postquam
599 3298 711 3362 idcireo
728 3299 855 3362 alericus
871 3299 1100 3362 intImationem
1117 3318 1241 3380 suspen-

272 3400 369 3464 sionis
392 3398 545 3472 habnerit,
570 3396 597 3460 si
619 3396 819 3460 nihilominus
842 3397 1080 3478 appellationem
1104 3397 1241 3478 interpo-

274 3483 354 3572 nere,
379 3497 504 3577 eiusque
528 3495 667 3568 obtentu,
684 3495 716 3558 in
732 3495 825 3558 altari
841 3495 1028 3570 ministrare,
1053 3513 1107 3558 seu
1130 3495 1242 3576 quovis

273 3594 366 3658 modo
391 3613 482 3658 suum
506 3594 644 3658 ordinem
679 3593 855 3657 solemniter
889 3612 1025 3657 exercere
1048 3593 1242 3675 praesumat,

274 3692 385 3754 statim
408 3691 516 3754 insidit
539 3692 572 3754 in
595 3691 869 3774 irregularitatem.
