2758 4270
329 269 382 323 310
607 272 782 318 renouatus
806 272 845 318 DE
869 270 1015 318 PERSONIS

328 468 473 548 utrinque
496 467 680 532 deducendis
704 465 865 532 humiliter
887 467 1050 550 postulant
1077 470 1179 549 partes
1208 469 1279 550 ipsae

329 563 501 628 declarari:

377 661 405 722 l.
429 659 477 722 An
501 660 562 722 ΡΡ.
588 658 775 724 carmelitae
799 661 830 724 in
854 661 1080 745 Rogationibus
1112 663 1225 742 possint
1247 662 1279 724 ad
1309 649 1310 656 ἵ

329 758 549 839 processionem
573 758 715 823 accedere
738 759 803 823 sine
827 745 932 841 cappis
955 761 1064 824 albis?
1082 755 1103 822 ¹.
1130 796 1168 804 —
1186 762 1213 822 2.
1240 759 1279 823 An

329 855 361 918 in
377 855 441 920 solo
458 875 585 920 numero
598 856 728 920 duorum
742 857 958 940 religiosorum
971 875 1059 920 cruce
1078 857 1280 938 praecedente?

333 967 384 1000 -·
397 953 428 1015 3.
451 952 499 1015 An
524 954 667 1016 teneatur
689 953 900 1036 Praepositae,
926 955 977 1035 qui
1003 956 1050 1018 eet
1079 955 1174 1018 etiam
1204 973 1281 1036 paro·

330 1051 416 1125 chus,
439 1050 471 1112 in
494 1050 625 1132 publicis
648 1051 843 1134 generalibus
866 1052 1110 1133 processionibus
1133 1051 1198 1115 fieri
1221 1071 1280 1116 oon-

330 1149 436 1220 suetis,
462 1148 596 1212 monitos
620 1149 717 1212 facere
740 1148 791 1212 dd.
815 1149 935 1225 Patres,
959 1152 996 1212 ut
1019 1149 1059 1212 ad
1076 1151 1279 1231 processionem

331 1246 478 1310 accedant
501 1248 533 1308 et
556 1245 735 1326 quomodo?
774 1285 789 1290 ψ-
826 1248 857 1308 4.
881 1246 930 1310 An
946 1248 1039 1310 iidem
1057 1248 1118 1310 ΡΡ.
1132 1249 1241 1328 possint
1253 1247 1281 1309 li-

331 1343 400 1406 bere
423 1345 608 1424 quaestuare
631 1344 661 1406 in
686 1344 793 1407 diebus
817 1343 1026 1408 hebdomadae
1051 1345 1110 1408 sibi
1137 1345 1280 1418 benerisie,

331 1439 446 1520 absque
468 1441 660 1503 restrictione
682 1441 814 1504 alicuius
827 1441 910 1503 diei?
936 1479 960 1484 -
979 1441 1009 1502 5.
1023 1442 1071 1504 An
1084 1442 1202 1522 possint
1215 1459 1283 1504 eam·

332 1537 400 1601 dem
425 1538 694 1619 quaestuationem
718 1539 816 1602 facere
848 1557 903 1620 pro
934 1539 1282 1603 confraternitatibnein

331 1654 437 1700 eorum
461 1637 587 1700 ecclesia
611 1637 746 1700 erectis?
763 1673 805 1682 —-
823 1637 852 1698 6.
873 1637 920 1700 An
938 1638 1056 1718 possint
1072 1639 1102 1700 in
1121 1639 1150 1700 d.
1173 1637 1284 1702 ecclesia

332 1753 387 1817 pro
411 1733 461 1797 dd.
486 1735 794 1799 confraternitatibus
817 1737 965 1816 exponere
989 1734 1131 1799 SSmum
1155 1736 1283 1799 Euchari-

332 1833 411 1898 stiae
435 1835 679 1909 decrementum,
697 1834 855 1897 occasione
882 1832 1027 1897 Novenae
1056 1837 1112 1896 SS.
1128 1833 1246 1898 Natalis
1259 1833 1284 1896 et

333 1929 546 2014 Quadraginta
569 1931 735 2004 Horarum,
759 1931 791 1993 in
821 1929 928 2000 diebus
959 1931 1017 1994 sibi
1045 1931 1205 2006 benensis,
1230 1931 1284 1994 sine

332 2028 457 2092 lieentia
480 2028 657 2092 Ordinarii?
674 2065 717 2074 -
735 2029 764 2090 7.
782 2027 830 2090 An
846 2029 968 2091 easdem
984 2029 1186 2110 expositiones
1200 2028 1284 2092 facere

332 2127 452 2208 possint
463 2143 518 2208 pro
531 2126 708 2190 eorumdem
721 2126 924 2208 Regularium
948 2125 1135 2190 devotione?
1153 2165 1186 2172 —
1202 2126 1229 2189 8.
1243 2125 1282 2188 An

333 2224 452 2306 possint
476 2224 649 2288 benedicere
672 2241 799 2306 sponsos
823 2243 893 2287 cum
916 2223 1041 2287 licentia
1069 2225 1216 2305 parochi?
1245 2222 1283 2285 vel

334 2323 425 2386 sine?
450 2359 492 2368 -
516 2322 546 2384 9.
571 2324 618 2385 An
643 2323 736 2385 iidem
767 2322 877 2386 Patres
908 2320 1069 2386 audientes
1098 2322 1282 2386 confessiones

333 2419 537 2492 infirmorum,
560 2421 726 2484 teneantur
748 2421 830 2496 ante,
855 2420 904 2483 vel
921 2422 991 2501 post
1006 2420 1123 2484 dictam
1138 2418 1281 2484 confessio·

334 2536 414 2594 nem,
438 2517 526 2581 illam
548 2518 682 2599 parocho
707 2517 888 2582 notificare?
913 2555 955 2562 -
981 2519 1032 2580 10.
1055 2517 1105 2580 An
1130 2517 1239 2600 possint
1256 2515 1280 2576 in

334 2615 456 2697 propria
479 2616 606 2679 ecclesia
622 2616 767 2679 mulieres
783 2618 855 2697 post
869 2617 994 2697 partum
1010 2616 1195 2690 benedicere,
1210 2616 1237 2678 et
1249 2611 1280 2675 ad

335 2711 580 2794 purificationem
603 2713 794 2777 admittere?
818 2749 860 2758 —
879 2714 930 2776 11.
947 2715 996 2776 An
1012 2715 1114 2778 vocati
1134 2713 1243 2796 possint
1256 2727 1280 2772 ee

334 2811 468 2874 conferre
492 2811 531 2875 ad
554 2811 791 2876 benedicendam
814 2810 930 2875 febrem
953 2831 1022 2875 cum
1047 2813 1175 2893 reliquia
1192 2806 1279 2874 Sancti

333 2908 481 2974 ailberti?
505 2945 546 2954 -
566 2909 617 2972 12.
629 2909 678 2972 An
693 2909 793 2973 vocati
808 2909 847 2972 ad
858 2909 1072 2972 associandum
1087 2909 1276 2972 defunctorum

334 3007 494 3083 cadavera,
518 3007 603 3089 prius
626 3008 787 3072 convenire
812 3007 943 3070 debeant
967 3007 1006 3069 ad
1029 3007 1192 3070 Ecclesiam
1208 3019 1279 3085 paro·

334 3104 476 3182 chialem,
500 3106 570 3168 cum
595 3123 701 3168 eorum
725 3124 822 3180 cruce,
847 3106 878 3168 et
901 3103 1009 3168 deinde
1036 3123 1067 3168 se
1098 3104 1221 3169 conferre
1247 3095 1277 3160 ad

335 3201 462 3266 domum
486 3201 646 3266 defuncti?
669 3204 701 3265 et
717 3204 869 3283 quatenus
885 3203 1044 3285 negative:
1068 3237 1109 3248 -
1128 3202 1176 3264 13.
1190 3199 1232 3262 An
1246 3193 1278 3257 ad

335 3301 476 3364 eumdem
499 3301 642 3364 effectum
666 3300 723 3363 sub
739 3319 800 3381 qua
811 3319 909 3376 cruce,
922 3301 954 3362 et
966 3299 996 3362 iu
1014 3319 1074 3380 quo
1090 3300 1153 3364 loco
1169 3297 1214 3359 dd.
1229 3293 1279 3354 Pa-

336 3397 399 3460 tres
422 3398 580 3480 expectare
603 3397 735 3461 debeant
758 3396 936 3478 parochum,
961 3398 993 3460 et
1015 3397 1093 3460 alios
1108 3392 1229 3475 exequiis
1242 3389 1277 3450 in·

380 3609 391 3644 ²
411 3610 593 3680 nappaeae
612 3611 704 3680 quoad
724 3609 890 3664 Car-meldas
909 3609 1034 3677 pertinet
1049 3611 1084 3662 ad
1097 3608 1212 3662 habitum
1226 3601 1276 3656 cto

336 3701 431 3763 rutero,
451 3716 483 3752 ao
503 3699 619 3768 proinde
638 3699 799 3753 adhibenda
817 3699 847 3752 in
865 3699 1100 3767 processionibus.
