2812 4268
298 261 353 318 418
590 266 764 314 Talandrus
787 267 827 314 ult
849 267 972 316 runicus

298 481 414 544 ditione
438 499 596 562 perpensa,
632 501 711 564 quae
742 501 817 564 pene
851 484 967 565 ubique
989 484 1170 566 impeditur,
1194 502 1265 565 quo

291 577 401 642 ¹miuus
424 580 581 642 externam
605 579 737 661 explicet
765 600 854 644 suam
882 582 1037 646 actionem
1073 601 1166 663 super
1199 601 1266 646 ma·

298 677 394 740 terias
410 679 441 740 et
458 695 600 758 personas
616 677 850 753 ecclesiasticas,
862 683 894 743 et
928 679 1120 745 considerato
1144 699 1267 762 qnoque

298 774 419 838 deiectu
454 775 626 850 mediorum
661 779 806 858 aptomm
841 796 898 859 pro
932 778 1069 861 regulari
1099 776 1266 842 Curiamm

298 873 501 946 ordinatione,
525 874 688 936 constituit
711 875 895 939 facultatem
922 873 1094 940 Ordinariis
1124 876 1266 940 locorum

297 989 437 1052 expresse
471 971 643 1045 concedere,
682 973 720 1034 ut
757 972 874 1036 formas
912 975 1014 1058 magis
1054 974 1266 1038 oeconomicus

298 1068 443 1132 adbibere
460 1068 585 1131 valeant
601 1069 632 1132 in
649 1070 794 1134 exercitio
810 1089 885 1134 suae
909 1071 1118 1153 disciplinaris
1141 1071 1268 1135 iurisdi-

298 1167 412 1230 ctionis
435 1185 526 1247 super
553 1167 681 1231 clericis.
717 1168 762 1232 Ut
789 1170 895 1231 autem
928 1171 997 1234 tota
1019 1170 1162 1233 iustitiae
1185 1171 1267 1234 ratio

299 1266 385 1328 sarta
408 1265 551 1345 tectaque
576 1267 710 1338 maneat,
735 1269 938 1349 serveturque
950 1284 1158 1347 processuum
1178 1285 1267 1330 cano

299 1362 367 1425 nica
390 1361 577 1444 regularitas
601 1364 632 1424 et
664 1363 872 1438 uniformitas,
904 1366 1112 1446 opportunum
1147 1364 1266 1428 censuit

297 1461 460 1541 sequentes
473 1479 616 1522 emanare
639 1479 774 1535 normas,
798 1460 931 1526 aduriis
954 1462 1130 1526 servandas.

346 1558 442 1620 1311.
468 1593 510 1601 -
533 1557 557 1619 l.
583 1557 744 1622 Ordiuario
768 1559 923 1641 pastorale
947 1578 1024 1623 onus
1047 1559 1202 1623 incumbit
1223 1559 1266 1622 di·

297 1656 460 1737 sciplinam
492 1656 772 1738 correctionemque
795 1657 974 1720 clericorum
998 1677 1017 1720 a
1040 1676 1072 1720 se
1095 1656 1266 1738 dependen-

299 1755 380 1817 tium
407 1753 546 1829 curandi,
581 1773 673 1836 super
695 1755 870 1818 eorumdem
898 1756 980 1818 vitae
1015 1755 1167 1821 rationem
1191 1755 1267 1838 vigi·

297 1852 400 1925 lando,
425 1851 628 1932 remediisque
652 1853 767 1916 utendo
791 1853 944 1918 canonicis
968 1853 1007 1916 ad
1038 1853 1266 1935 praecavendas

299 1949 381 2033 apud
398 1949 520 2014 eosdem
536 1951 568 2012 et
584 1949 788 2014 eliminandas
812 1952 927 2015 ordinis
951 1951 1209 2033 perturbationes.

347 2049 442 2110 1312.
467 2085 510 2092 —
533 2047 574 2110 ΙΙ.
606 2048 651 2110 Ex
686 2047 733 2112 his
768 2048 911 2112 remediis
945 2049 1008 2112 aliu
1038 2049 1213 2130 reprimunt
1235 2049 1266 2112 et

298 2145 451 2210 medelam
475 2145 617 2208 afferunt.
641 2145 749 2210 Priora
781 2146 820 2210 ad
851 2147 908 2210 hoc
938 2146 1117 2229 diriguntur
1147 2147 1186 2209 ut
1209 2147 1266 2209 im-

297 2243 424 2327 pediant
448 2243 612 2324 quominus
640 2244 759 2307 malum
791 2244 947 2319 adveniet,
979 2246 1015 2307 ut
1045 2243 1183 2307 scandali
1215 2244 1267 2307 sti·

296 2341 385 2412 muli,
395 2341 568 2404 occasiones
581 2341 782 2418 voluntariae,
792 2361 961 2423 causaeque
974 2342 1013 2407 ad
1026 2341 1266 2424 delinquendum

296 2439 453 2522 proximae
470 2441 698 2502 removeantur.
717 2438 824 2504 Altera
848 2439 939 2504 finem
963 2441 1080 2504 habent
1102 2439 1265 2504 revocandi

295 2537 520 2618 delinquentes,
544 2539 581 2599 ut
610 2537 733 2618 sapiant
750 2540 953 2620 reperentque
977 2537 1105 2602 admissi
1128 2537 1267 2602 criminis

294 2634 541 2714 consequentias.

345 2732 442 2796 1313.
467 2770 508 2779 —
532 2731 589 2795 III.
615 2731 826 2798 Conscientiae
851 2735 882 2798 et
904 2733 1087 2816 prudentiae
1110 2733 1267 2798 Ordinarii

298 2831 410 2894 horum
426 2829 632 2894 remediorum
646 2829 798 2894 incumbit
813 2831 991 2913 applicatio,
1008 2831 1095 2896 iuxta
1112 2849 1266 2895 canonum

295 2927 564 3010 praescriptiones,
577 2930 609 2990 et
632 2946 761 2992 casuum
774 2929 1051 3010 adiuncturumque
1064 2929 1264 3013 gravitatem.

346 3026 441 3088 1314.
467 3059 510 3073 -
537 3025 591 3088 lV.
621 3025 731 3090 Mediis
758 3013 836 3108 quae
866 3027 1066 3109 praeservant
1103 3026 1266 3108 praecipue

294 3123 497 3187 accensentur
509 3123 685 3204 spiritualia
697 3126 850 3201 exercitia,
860 3124 1045 3189 monitiones
1053 3125 1084 3187 et
1092 3124 1266 3205 praecepta.

346 3219 442 3282 1315.
466 3257 511 3266 —
534 3219 572 3282 V.
595 3220 662 3285 Has
678 3223 870 3304 provisiones·
882 3221 1059 3304 praecedere
1075 3221 1166 3284 debet
1183 3239 1267 3284 eum·

296 3318 397 3382 maria
421 3317 496 3381 facti
519 3319 665 3403 cognitio,
690 3339 767 3402 quae
791 3321 830 3384 ab
860 3319 1023 3384 Ordinario
1046 3317 1186 3383 notanda
1209 3317 1265 3394 est,

297 3415 334 3478 ut
364 3415 415 3508 ool·
429 3413 581 3480 ulteriora
605 3415 775 3499 procedere,
804 3405 956 3498 quatenus
980 3435 1057 3498 opus
1081 3416 1123 3480 sit
1147 3416 1179 3480 et
1202 3434 1266 3480 cer·

297 3511 410 3576 tiorem
434 3511 559 3578 reddere
576 3516 669 3595 queat
685 3515 871 3596 superiorem
895 3515 1126 3588 auctoritatem,
1144 3513 1177 3576 in
1192 3531 1265 3577 casu

294 3607 431 3692 legitimi
453 3629 604 3676 recursus.
