2812 4268
306 295 358 352 436
597 301 769 348 TRACTATUS
793 301 833 348 DE
856 302 979 350 IUDlCllS

304 523 488 606 imperitiae,
513 523 600 588 iuxta
623 525 846 607 praescriptum
873 525 959 590 Sacri
983 522 1113 589 Concilii
1129 525 1160 588 in
1185 523 1274 589 dicta

306 621 388 687 Sese.
404 623 461 695 22,
477 641 544 700 cup.
561 625 613 684 10.

351 718 446 782 1403.
470 753 514 764 -
537 718 681 781 XXXIV.
706 721 786 784 ltem
809 719 849 782 ab
871 719 1022 784 erectione
1044 719 1211 796 seminarii,
1237 721 1275 783 et

302 816 461 881 taxatione
494 833 759 898 quarumcumque
796 816 998 900 dignitatum,
1033 817 1265 898 personatuum,

303 915 482 990 officiorum,
506 913 758 996 praebendarum,
790 915 976 997 portionum,
1000 915 1209 989 abbatiarum,
1235 917 1273 979 et

302 1013 495 1094 prioratuum
529 1010 748 1092 cuiuscumque
788 1011 922 1086 Ordinis,
958 1011 1054 1075 etiam
1089 1011 1269 1094 Regularis,

301 1107 515 1190 hospitalium,
539 1126 617 1188 quae
640 1106 754 1171 dantur
778 1109 809 1172 in
833 1109 973 1184 titulum,
997 1109 1047 1172 vel
1069 1107 1272 1172 administra-

302 1206 427 1282 tionem,
451 1206 483 1269 et
505 1203 721 1268 beneficiorum
745 1225 1019 1288 quorumcumque,
1044 1207 1138 1270 otiam
1162 1207 1269 1290 Regn-

247 1325 251 1331 ·
301 1304 425 1379 larium,
463 1303 558 1366 etiam
593 1302 866 1384 iurispstronatns,
908 1303 1003 1367 etiam
1039 1305 1268 1386 exemptarum,

301 1403 394 1466 etiam
418 1399 535 1464 nullius
558 1400 714 1476 dioecesis,
739 1403 787 1465 vel
811 1401 1037 1477 aliiseeclesiis,
1053 1402 1262 1476 monasteriis,

301 1498 515 1580 hospitalibus,
528 1499 560 1561 et
572 1497 643 1562 aliis
655 1499 814 1580 quibusvis
825 1499 899 1563 locis
911 1499 980 1581 piis,
994 1500 1088 1563 etiam
1101 1500 1269 1582 exemptis,

300 1614 497 1669 annoxonnm,
509 1613 545 1658 ac
557 1613 821 1678 quorumcumque
833 1597 966 1661 aliorum
982 1596 1261 1660 ecclesiasticorum

300 1693 487 1767 reddituum,
512 1711 566 1756 seu
589 1695 796 1774 proventuum
820 1695 859 1758 ad
882 1694 1016 1758 fabricas
1049 1694 1269 1770 ecclesiarum,

299 1790 576 1867 confraternitates,
600 1791 632 1853 et
647 1792 835 1856 monasteria
848 1791 961 1866 omnia,
977 1791 1160 1855 nontamen
1175 1810 1269 1855 men-

299 1888 741 1970 dicantium„pertinentinm;
764 1909 879 1954 necnon
903 1888 1093 1953 decimarum
1109 1908 1267 1970 quacum-

299 2005 357 2068 que
372 1987 493 2050 ratione
508 1985 548 2049 ad
563 1985 669 2062 laicos,
686 1987 781 2067 atque
796 1987 890 2050 etiarn
907 1985 1024 2050 milites
1039 1985 1269 2068 cuiuscumque·

298 2083 439 2159 militiae,
464 2084 520 2147 aut
551 2082 683 2159 Ordinis,
714 2084 998 2167 Hierosolymitano
1028 2086 1164 2165 excepto,
1196 2103 1266 2167 spe=

298 2183 462 2258 ctantium,
487 2199 540 2264 pro
557 2181 691 2244 eiusdem
710 2181 867 2246 seminarii
890 2181 1141 2246 manutentiono:
1165 2185 1267 2263 prout

297 2280 392 2342 etiam
416 2279 455 2342 ab
479 2279 588 2342 unione
612 2280 643 2342 et
666 2280 870 2361 applicatione
897 2280 1018 2361 aliquot
1041 2278 1258 2344 beneficiorum

297 2377 498 2458 simplicinm3
534 2395 650 2440 necnon
684 2395 703 2440 a
734 2377 872 2442 Decretis
903 2377 1085 2461 cogentibus
1116 2396 1176 2453 eos,
1204 2379 1258 2460 qui

296 2474 512 2539 scholasterias
528 2474 677 2550 obtinent,
695 2476 743 2539 vel
759 2476 871 2557 quibus
886 2476 1025 2539 lectionis
1041 2475 1090 2539 vel
1102 2475 1265 2541 doctrinae

295 2591 408 2636 munus
430 2573 478 2636 est
507 2591 674 2648 annexum,
704 2572 935 2637 adducendum
959 2592 1013 2655 por
1035 2591 1067 2636 se
1090 2572 1183 2655 ipsos,
1207 2574 1258 2638 vel

294 2670 416 2734 idoneos
439 2669 648 2746 substitutos3
672 2673 704 2734 et
726 2671 911 2754 generaliter
927 2670 1118 2734 amandatis
1141 2673 1173 2734 et
1187 2690 1256 2752 pro-

294 2769 472 2845 visionibus,
497 2787 575 2849 quae
599 2787 722 2850 quoquo
738 2769 830 2834 modo
846 2769 1014 2850 respiciunt
1037 2787 1154 2845 curam,
1179 2768 1263 2834 dire

293 2868 426 2932 ctionem
450 2868 482 2930 ct
505 2866 807 2932 administrationem
824 2866 991 2941 seminarii,
1008 2865 1192 2948 plenamque
1207 2885 1262 2931 cn-

293 2965 508 3047 scquutionem
531 2965 654 3028 Decreti
677 2963 794 3028 edilia
818 2963 910 3029 Sacro
937 2962 1073 3029 Concilio
1089 2984 1181 3047 super
1194 2965 1255 3030 col·

291 3063 373 3146 legio
397 3081 561 3144 puerorum
585 3062 616 3125 in
640 3062 771 3145 singulis
804 3062 1034 3126 cathedralibus
1063 3062 1261 3128 instituendo·

293 3158 374 3224 Sese.
390 3164 442 3236 13,
460 3159 497 3223 de
513 3159 664 3238 Reform,
681 3180 748 3240 cap.
766 3164 817 3223 18.
991 3235 995 3245 Ι

338 3257 434 3320 1404.
460 3294 498 3304 -
525 3257 655 3320 XXXV.
686 3257 766 3321 Item
790 3277 808 3322 e
833 3258 1000 3334 mandatis,
1033 3276 1086 3322 seu
1114 3258 1255 3324 Decretis

290 3355 472 3439 cogentibus
495 3374 685 3431 oeconomos,
718 3355 857 3419 Vicarios
887 3354 1092 3438 Capitulum,
1116 3356 1156 3420 ad
1187 3356 1260 3420 red-

290 3453 421 3517 dandam
444 3453 596 3517 rationem
613 3453 899 3518 administrationis
913 3473 968 3536 per
982 3471 1034 3518 eos
1048 3455 1155 3538 gestae
1174 3453 1257 3518 Sede

287 3550 452 3632 episcopali
475 3553 615 3627 vacante,
639 3550 726 3614 iuxta
750 3551 973 3633 praescriptum
997 3549 1081 3615 Sacri
1108 3549 1257 3620 Caecilii,

290 3646 373 3710 Saso.
389 3649 445 3724 24,
462 3647 499 3711 dc
515 3646 666 3726 Reform,
683 3667 749 3727 cap.
767 3652 818 3712 16.
