2758 4270
292 253 346 310 330
571 257 745 306 amuranus
767 258 807 305 Du
830 257 976 304 Puasorus

293 455 359 520 fieri
389 456 420 520 iu
452 456 630 520 domesticis
662 455 793 532 sacellis,
821 454 1054 520 Sacramentum
1087 453 1261 536 augustum

294 554 422 635 proponi
444 553 548 634 palam
565 553 752 617 venerationi
770 551 918 616 fidelium.
938 551 1162 633 Episcoporum
1179 548 1262 612 simi-

293 651 365 714 liter
389 652 436 714 est
451 650 601 715 solemnia
617 652 649 714 66
671 649 923 732 supplicationes,
944 667 1022 729 quae
1045 647 1171 730 publica
1187 646 1262 722 sint,
1365 675 1366 688 2

294 748 444 813 ordinare.
534 764 537 769 ·
1067 744 1069 750 '

339 848 413 910 964.
430 883 474 894 -
490 847 544 910 lV.
557 872 575 906 a
589 847 708 911 Domus
724 846 927 911 sodalitatum
943 843 1125 908 huiusmodi
1138 843 1164 907 si
1179 841 1263 906 otau-

293 965 370 1008 sara
384 944 551 1028 episcopali
564 946 706 1018 utantur,
722 945 882 1026 Episcopis
897 944 966 1007 iura
982 942 1112 1006 manent
1126 941 1261 1024 integra,

294 1042 422 1124 quaeda
436 1042 494 1105 hac
508 1061 541 1105 re
557 1061 575 1106 6
592 1041 758 1124 pontificiis
782 1043 903 1125 legibus
918 1041 1111 1104 tribuuntur.
1132 1039 1167 1103 Si
1182 1055 1263 1119 quae

293 1141 399 1204 autem
422 1139 580 1215 clausura,
604 1141 642 1203 66
664 1140 828 1220 iuquiuut;
849 1138 995 1218 partiali,
1019 1139 1163 1212 utantur,
1188 1136 1263 1220 Epi-

293 1238 377 1319 scopi
396 1238 455 1300 erit
478 1256 584 1300 curare
607 1239 644 1301 ut
667 1237 726 1301 rite
749 1239 899 1312 servetur,
916 1238 948 1300 66
972 1235 1125 1316 quidquid
1142 1235 1173 1298 iu
1190 1253 1259 1298 eam

293 1335 409 1418 irrepat
432 1335 500 1398 vitii
525 1334 676 1399 cohibere.

338 1432 413 1495 965.
434 1469 471 1478 -
491 1432 528 1494 V.
549 1433 703 1496 «Alumui
718 1432 902 1498 alumnaeve
918 1432 1125 1497 sodalitatum
1138 1430 1262 1506 harum,
1368 1457 1369 1462 ¹

293 1530 333 1594 ad
356 1529 459 1609 sorum
486 1530 645 1593 internam
670 1529 752 1612 quod
783 1531 909 1606 attinet,
934 1529 1077 1612 Episcopi
1110 1527 1259 1611 potestat

293 1627 435 1691 subsunt.
459 1627 495 1689 In
518 1625 586 1704 foro
609 1628 715 1690 autam
739 1631 876 1703 6666666,
896 1627 996 1692 cidem
1021 1627 1157 1691 subsunt
1180 1623 1262 1707 quod

293 1725 413 1806 spectat
436 1724 475 1788 ad
498 1743 652 1797 censuras,
676 1727 918 1790 reservationem
945 1743 1087 1801 casuum,
1117 1725 1260 1788 votorum
1369 1717 1370 1728 ’

292 1821 511 1886 relaxationem
530 1840 608 1902 quae
623 1841 683 1885 nou
700 1823 763 1887 siut
786 1824 839 1886 uni
857 1823 988 1888 Summo
1005 1821 1155 1886 Pontifici
1171 1839 1263 1884 reser-

293 1919 376 1992 vata,
401 1917 593 2000 publicarum
621 1937 745 1999 precum
776 1919 989 1994 indictionem,
1014 1917 1264 2000 dispensationes

292 2015 561 2096 concessionesque
584 2017 722 2080 caeteras
738 2036 815 2098 quas
827 2017 996 2081 Antistites
1012 2033 1177 2079 sacrorum
1193 2013 1263 2076 fide·
1370 2019 1371 2044 ³

292 2113 374 2176 libus
398 2113 462 2202 suris
485 2113 643 2194 impertire
667 2117 792 2195 queant.

337 2210 412 2273 966.
429 2245 472 2254 -
499 2209 550 2272 Vl.
579 2233 596 2268 «
610 2209 642 2274 Si
659 2212 712 2291 qui
735 2231 807 2276 vero
822 2212 862 2276 ad
878 2231 984 2277 sacros
1001 2212 1127 2277 ordines
1144 2229 1264 2294 promo·

293 2308 357 2371 veri
381 2307 546 2388 postulent,
564 2327 614 2371 eos
633 2309 812 2391 Episcopus,
830 2311 890 2374 etsi
906 2312 937 2374 in
954 2310 1088 2374 dioecesi
1105 2309 1266 2392 degentes,

293 2404 416 2467 initiare
439 2405 558 2479 careat,
576 2405 636 2468 uisi
657 2406 740 2470 hisee
762 2407 1010 2471 conditionibus:
1036 2408 1074 2470 nt
1090 2425 1110 2470 a
1126 2405 1266 2470 modera-

293 2502 412 2566 toribus
429 2502 557 2581 quisque
573 2504 637 2566 suis
657 2507 886 2585 proponantur3
908 2506 944 2568 66
961 2523 1041 2586 quae
1057 2523 1076 2568 a
1093 2505 1163 2571 iure
1181 2521 1269 2568 sacro

293 2599 412 2662 sancita
435 2598 472 2660 de
497 2597 610 2662 litteris
632 2601 897 2664 dimissorialc'bas
921 2603 969 2665 vel
1000 2601 1269 2681 testimonialibus

293 2698 357 2761 sint
371 2697 431 2759 rite
454 2696 600 2777 impleta3
624 2699 661 2760 ut
685 2699 775 2762 titolo
798 2719 908 2762 666666
931 2700 1156 2763 ordinationis
1166 2719 1205 2764 ue
1221 2718 1267 2762 ca-

293 2796 391 2870 reant,
408 2793 457 2856 vel
479 2794 561 2856 certe
584 2811 619 2856 eo
643 2795 782 2877 legitime
805 2799 999 2872 erimantum
1024 2800 1063 2860 ut
1086 2797 1269 2880 theologiae

293 2891 405 2954 studiis
429 2907 554 2971 operam
583 2890 731 2968 dederint,
756 2894 923 2957 secundum
954 2895 1126 2957 Decretum
1153 2894 1270 2958 Anatis

293 2987 467 3062 admodum,
480 2987 529 3050 die
544 2987 653 3052 datum
666 2989 712 3052 IV
723 2990 752 3052 N
754 2991 909 3055 ovembris
923 3009 1004 3056 auno
1021 2989 1268 3056 MDCCOXCII.

338 3083 414 3145 967.
428 3120 470 3130 -
480 3084 550 3146 Vll.
564 3109 581 3142 «
596 3085 631 3148 In
644 3087 836 3163 sodalitates,
853 3107 932 3168 quae
948 3085 1128 3153 mendicato
1147 3090 1270 3164 vivunt,

294 3198 329 3243 ea
353 3181 512 3262 Episcopis
536 3184 618 3246 stent
641 3183 719 3260 iura,
740 3203 818 3264 quae
841 3185 937 3248 habet
961 3187 1133 3250 Decretum
1151 3186 1271 3267 Sicyo·

295 3275 361 3340 bare
377 3277 501 3356 quidem
520 3297 538 3342 6
555 3297 641 3343 sacro
658 3278 793 3344 Consilio
808 3282 969 3365 Episcopis
984 3286 1017 3347 66
1033 3283 1270 3366 Religiosorum

295 3373 453 3436 ordinibus
476 3376 650 3455 praeposito
674 3379 910 3462 promulgatum
934 3378 984 3444 die
1008 3380 1137 3444 XXVII
1159 3380 1269 3444 Martii

294 3487 373 3533 auno
397 3471 650 3538 MDCOCXCVI.
776 3517 778 3522 ,

340 3567 416 3630 968.
439 3603 482 3614 -
506 3569 592 3632 Vlll.
620 3594 637 3628 ‹
653 3571 688 3633 Iu
705 3571 743 3634 iis
759 3590 837 3652 quae
853 3573 893 3636 ad
910 3573 1094 3656 spiritualia
1111 3575 1271 3657 pertinent

295 3659 469 3726 subduntur
492 3665 672 3732 sodalitates
698 3667 857 3751 Episcopis
880 3670 1071 3736 dioecesium
1097 3673 1131 3736 in
1157 3673 1269 3755 quibus
