2758 4270
251 272 316 320 CAP.
341 271 362 318 1.
386 271 426 318 DE
450 271 550 318 REBUS
573 269 734 318 cccccsmc
758 271 992 318 TEMPORALIBUS
1052 269 1104 324 357

134 463 348 546 principaliter
378 463 459 527 bona
489 463 644 528 Ecclesiae
674 465 844 540 Romanae,
872 483 978 530 sanun
1008 465 1105 530 Panic

136 578 419 637 summasunmna
441 579 650 626 cccccccccc
673 579 773 626 suum
796 563 969 628 Poumuscrs
993 581 1106 629 caruer-

137 677 244 725 cacum
268 679 286 723 a
310 659 450 724 sectariis
473 659 566 724 hodie
588 661 732 724 invasum
756 661 998 744 comprehendit.

186 758 284 822 1029.
309 793 351 804 --
376 757 416 820 Il.
440 757 584 822 Ecclesia
608 757 754 822 Romano
776 758 877 822 anulio
899 778 936 822 oc
962 759 1105 840 iacentia

137 857 234 920 etcum
266 854 375 918 lubuit
401 855 605 934 polriomniu,
630 873 739 937 nempe
765 857 864 920 terras
895 855 1105 938 amplissimas

136 955 231 1037 longe
254 953 379 1034 lateque
394 971 447 1034 per
470 952 609 1028 Italiam,
626 949 774 1028 Galliam,
791 952 981 1037 Aegyptum,
998 953 1094 1018 Palae

137 1051 266 1138 stiuam,
283 1069 344 1114 uno
363 1050 455 1114 verbo
477 1069 532 1133 per
547 1049 704 1114 Orientem
728 1052 830 1116 totum
848 1055 880 1115 et
899 1050 1105 1128 Occidentem,

138 1148 332 1230 quinetiam
356 1148 494 1232 integras
517 1147 703 1230 provincias,
720 1151 777 1213 aut
800 1149 918 1214 insulas
942 1150 1053 1226 tenuit,
1070 1151 1107 1215 ut

138 1247 218 1312 satis
240 1248 433 1328 compertum
458 1248 505 1310 est
521 1264 556 1309 ex
572 1245 702 1310 diversis
725 1247 892 1322 historicis,
909 1250 940 1311 et
959 1248 1053 1311 etiam
1071 1267 1106 1312 er
1156 1289 1158 1295 ,

137 1345 207 1409 solo
225 1343 255 1409 S.
266 1343 415 1427 Gregorio
432 1343 559 1428 Magno,
574 1343 626 1424 qui
642 1343 674 1406 in
690 1343 828 1426 epistolis
844 1345 909 1408 suis
925 1345 1044 1408 multus
1059 1347 1107 1411 est

137 1443 220 1507 circa
233 1441 534 1507 administrationem
545 1442 658 1506 horum
670 1441 887 1518 dominiorum,
901 1443 1105 1526 praediorum,

137 1542 174 1604 et
195 1540 434 1622 possessionum.
719 1542 723 1546 “

187 1637 284 1701 1030.
300 1674 335 1684 -
367 1637 424 1700 ΙΙΙ.
450 1636 525 1701 Prcs
548 1636 593 1700 IX
617 1638 686 1700 tum
710 1637 742 1700 in
766 1655 822 1702 sua
846 1637 1042 1720 responsione
1066 1637 1106 1702 ad

137 1734 354 1818 Napoleonem,
373 1732 468 1810 111,ss
493 1735 630 1798 lanuarii
649 1734 744 1810 1860,
762 1737 830 1798 tum
855 1736 886 1799 in
910 1735 975 1800 suis
990 1736 1106 1800 litteris

135 1832 300 1915 encyclicis
334 1832 373 1895 ad
408 1831 568 1896 universos
598 1830 778 1897 Ordinurios
808 1832 857 1896 die
892 1832 933 1896 19
968 1831 1105 1896 eiusdem

136 1931 254 1994 mensis
277 1931 309 1993 et
332 1930 414 2005 anni,
431 1929 612 2006 declaravit,
628 1933 663 1994 se'
684 1928 772 1994 nullo
789 1929 888 2010 plane
911 1929 999 1993 modo
1016 1949 1106 2010 posse

134 2027 245 2092 eadere
268 2027 339 2090 huic
362 2027 560 2109 principatui,
577 2029 608 2092 et
632 2027 787 2110 professus
811 2030 868 2102 est,
890 2047 921 2091 se
937 2027 1015 2092 velle
1039 2045 1107 2091 con-

136 2127 261 2190 stanter
290 2125 372 2188 tueri
403 2128 434 2189 et
465 2125 583 2189 servari
614 2125 735 2190 civilem
758 2125 922 2190 Romanae
948 2125 1108 2189 Ecclesiae

130 2223 360 2304 principatum,
377 2223 503 2303 musque
528 2221 711 2302 temporales
731 2223 951 2303 possessiones,
967 2243 1004 2286 oo
1024 2223 1106 2298 iura,

135 2339 221 2400 qeuue
235 2319 279 2382 od
291 2320 471 2383 universum
488 2319 671 2384 catholicum
687 2321 790 2385 orbem
802 2323 972 2400 pertinent,
989 2321 1109 2382 intucta

99 2495 103 2506 ι
133 2419 232 2497 alque
255 2416 415 2480 inuiolata.
440 2415 573 2486 Constat
596 2418 692 2482 etiam
718 2437 754 2481 ex
778 2417 876 2482 Leone
900 2417 988 2480 Xlll.

189 2515 283 2579 1031.
307 2551 345 2561 -
368 2514 422 2578 IV.
440 2514 553 2579 Omnes
577 2515 698 2580 Summi
721 2515 885 2580 Pontifices
901 2536 919 2579 0
935 2515 990 2580 Ρ10
1006 2515 1049 2591 Il,
1070 2515 1108 2579 ab

136 2631 221 2678 anuo
238 2614 355 2678 seilicet
373 2614 469 2690 1158,
488 2615 524 2677 01
547 2613 719 2678 declaravit
734 2614 808 2678 Pius
824 2613 869 2677 Vl
892 2615 923 2678 in
939 2613 1053 2678 litteris
1069 2612 1108 2676 ad

138 2709 232 2776 Oard.
257 2713 472 2788 Rezaonicum,
499 2711 518 2774 5
542 2710 622 2776 Nou.
650 2713 746 2788 1791,
763 2713 854 2794 incip.
878 2709 1052 2786 Aacorclee,
1077 2710 1107 2774 in
1139 2789 1142 2796 ,

137 2808 256 2873 sarmmi
279 2807 480 2890 pontificatus
503 2807 696 2889 susceptione
712 2809 890 2872 solemniter
906 2807 1060 2882 iurarunt,
1077 2825 1109 2870 se

137 2906 226 2969 Petri
256 2905 478 2989 patrimonium
510 2924 648 2986 unquam
680 2906 881 2980 alienaturos‚
909 2904 962 2968 sed
986 2903 1108 2967 salvum

136 3006 173 3067 et
195 3003 362 3088 integrum,
387 3003 612 3066 successoribus
635 3003 700 3067 suis
724 3003 913 3077 servaturos,
939 3000 1109 3082 0000100-

138 3101 306 3165 iurandum
322 3101 402 3164 eirea
415 3100 477 3164 alia
494 3099 574 3164 bona
591 3100 798 3164 ecclesiastica
814 3118 875 3164 nou
892 3099 1052 3162 emittunt.
1065 3135 1110 3146 -

139 3195 203 3262 cfr.
220 3197 353 3274 Ferrari,
370 3199 429 3262 eto.

187 3296 283 3360 1032.
307 3333 351 3342 -
375 3293 651 3359 Oouonunnunuu:
677 3295 928 3360 Persecutoribus
951 3291 1107 3358 hodiernis

137 3391 170 3458 S.
183 3391 270 3458 Sedis
285 3394 395 3457 merito
413 3393 473 3456 dici
490 3393 594 3475 potest
610 3411 681 3457 cum
695 3392 727 3458 S.
741 3391 908 3465 Bernardo,
921 3392 1011 3474 epist.
1026 3391 1108 3454 249:

143 3514 161 3548 ‹
177 3488 239 3554 Our
261 3508 367 3573 regem
382 3491 494 3564 terrae,
511 3507 566 3552 our
582 3489 750 3554 Dominum
766 3489 845 3552 coeli
861 3489 964 3552 furore
980 3490 1047 3552 tam
1063 3488 1110 3552 iu·

137 3586 307 3652 tollerabili
330 3586 361 3650 in
385 3603 442 3651 vos
466 3585 582 3666 pariter
605 3585 795 3667 provocatis,
828 3584 902 3648 dum
934 3603 1053 3648 sacuam
1078 3585 1110 3648 et

137 3683 355 3766 Apostolieam
372 3682 481 3748 Sedena
497 3681 611 3746 divinis
627 3683 844 3766 regalibusque
861 3681 1032 3765 privilegiis
1048 3681 1111 3746 ain·
