2750 4270
320 238 385 285 CAP.
410 239 440 284 11.
467 239 506 285 DE
531 239 752 290 ELEClIONIBUS
775 243 807 288 IN
831 243 933 290 SPECIE
1051 247 1106 300 205

133 437 230 512 state,
256 439 300 500 ut·
316 437 448 502 arbitror
460 461 491 500 ».
517 437 578 503 Cfr.
596 437 629 503 C.
646 439 779 516 Ferrari,
797 441 930 519 Scaurini,
949 445 1103 529 Ugocuiu,

132 534 322 618 Eagnauum
350 533 371 598 ¹.

178 794 188 827 ¹
210 794 252 847 An
268 794 342 846 Pars
362 814 415 848 srsr
434 815 549 850 sarasan
568 815 659 850 rossrr
673 799 877 852 successoren?
898 826 932 838 ·-
948 799 1101 868 Opinionca

132 886 170 940 D.
191 885 230 939 D.
252 912 287 924 -
307 886 326 938 l.
348 886 466 940 loannes
494 886 543 948 Ill,
573 885 640 940 Can.
670 887 702 942 Si
732 888 834 943 Petras
861 888 898 954 (8,
925 908 951 959 q.
973 887 1013 959 ¹)²
1037 891 1048 914 ⁸
1071 893 1100 947 Si

132 973 234 1030 Petrus
255 975 388 1043 Princeps
409 976 606 1044 Apostolorum
628 977 771 1032 adiutores
799 978 853 1031 sibi
879 980 982 1033 ascivit
1002 981 1099 1036 Linum

134 1072 162 1124 et
182 1067 303 1135 Cletum,
324 1086 380 1122 ncn
400 1073 496 1122 tamen
515 1073 658 1138 potestate
673 1069 823 1135 Pontificii,
838 1075 888 1124 aut
901 1072 1036 1136 solvendi,
1050 1081 1100 1128 aut

133 1158 244 1226 ligandi
264 1157 304 1211 eis
324 1176 451 1212 normam
472 1159 597 1220 tradidit,
618 1160 666 1212 sed
686 1160 840 1214 successori
861 1177 911 1214 suo
925 1165 1023 1216 sancto
1038 1161 1100 1216 Cle·

133 1249 235 1302 menti:
250 1249 298 1316 qui
313 1248 412 1302 Sedem
425 1249 619 1316 Apostolicam
632 1253 697 1316 post
710 1267 782 1316 eum,
797 1254 826 1303 et
841 1253 1012 1318 potestatem
1029 1253 1099 1306 Pon-

133 1339 276 1403 tificalem,
296 1340 427 1394 tradente
446 1339 501 1393 sibi
519 1339 603 1394 beato
624 1340 714 1404 Petro,
724 1344 822 1395 tenere
835 1343 998 1408 promeruit.
1013 1343 1098 1397 Linus

134 1445 198 1482 vero
218 1433 248 1482 et
268 1427 363 1482 Cletus
382 1429 587 1483 ministrabant
600 1429 753 1484 exteriora:
768 1429 901 1497 Princeps
915 1435 1009 1486 autem
1025 1432 1099 1500 Apo·

133 1519 269 1572 stolorum
290 1518 387 1573 Petrus
408 1519 493 1572 verbo
513 1521 541 1573 et
560 1519 682 1573 orationi
703 1519 855 1573 insistebat
873 1557 894 1583 ,.
914 1547 948 1556 —
968 1520 1001 1573 Il.
1024 1519 1097 1574 Gra-

132 1607 227 1662 tianus
247 1607 307 1661 sire
326 1607 419 1672 Palea,
440 1607 507 1662 Can.
527 1607 606 1663 Unde
618 1605 654 1671 (8,
666 1627 693 1677 q.
709 1607 754 1673 ll:
771 1607 782 1632 ⁴
800 1609 880 1662 Unde
894 1610 954 1678 ipse
968 1608 1097 1666 Clemens

132 1697 160 1750 in
179 1698 303 1766 epistola
322 1699 358 1752 ad
377 1699 509 1752 Iacobum
528 1697 818 1767 Hierosolymitanum
837 1699 932 1762 missa,
948 1699 1023 1754 inter
1036 1717 1093 1754 cae

131 1789 192 1842 tera
211 1788 318 1853 scribit,
339 1787 412 1856 quod
435 1788 531 1842 Petrus
545 1787 637 1841 adhuc
655 1788 754 1843 vivens
775 1787 948 1842 Clementem
973 1789 1002 1842 in
1031 1789 1096 1858 Epi·

131 1893 247 1944 scopum
262 1877 357 1946 elegit.
380 1904 404 1912 -
432 1877 527 1931 Simon
542 1877 641 1931 Petrus
654 1877 683 1930 in
699 1877 768 1945 ipsis
781 1877 888 1941 diebus,
903 1878 1004 1945 quibus
1020 1878 1096 1933 vitae

130 1967 214 2020 finem
234 1967 289 2019 sibi
309 1966 474 2033 praesensit,
495 1966 672 2035 apprehensa
698 1984 782 2020 manu
803 1984 866 2022 mea
885 1971 1001 2034 repente
1029 1985 1097 2022 con·

130 2073 257 2125 surgens,
277 2057 306 2110 in
326 2057 439 2110 auribus
459 2057 546 2111 totius
566 2056 709 2111 Ecclesiae
737 2057 807 2110 haec
839 2057 957 2124 protulit
985 2058 1093 2111 verba:

130 2145 305 2202 Clementem
325 2147 399 2200 hunc
419 2147 588 2215 Episcopum
617 2146 696 2202 vobis
725 2146 833 2204 ordino,
864 2147 908 2199 cui
935 2147 987 2200 soli
1016 2164 1095 2201 meae

129 2237 349 2306 praedicationis
379 2241 408 2291 et
436 2238 581 2291 doctrinae
611 2238 776 2292 cathedram
805 2237 895 2301 trade,
923 2254 1007 2305 quem
1026 2255 1095 2305 prae

128 2327 249 2381 caeteris
270 2330 402 2394 expertus
422 2343 482 2380 sum
503 2327 591 2381 Deum
612 2327 900 2390 colentem,homines
919 2327 1094 2394 diligentem,

128 2420 246 2478 castum,
259 2416 384 2468 discendi
395 2415 496 2469 studiis
507 2417 642 2480 deditum,
656 2416 788 2483 sobrium,
802 2416 965 2484 benignum,
979 2417 1094 2482 iustum,

127 2507 285 2574 patientem
306 2508 334 2559 et
353 2505 489 2559 scientem
508 2505 582 2559 ferre
601 2506 798 2560 nonnullorum
819 2505 906 2560 etiam
926 2523 959 2559 ex
973 2505 1026 2562 his,
1045 2505 1094 2573 qui

126 2593 155 2646 in
183 2593 271 2646 verbo
304 2591 356 2646 Dei
384 2592 580 2655 instituuntur,
609 2592 726 2646 iniurias
753 2633 777 2660 „.
808 2618 842 2631 ·-
875 2593 923 2646 ΙΙΙ.
956 2592 1094 2646 Schmala.
1183 2645 1185 2651 ,

127 2687 172 2750 (L.
194 2693 220 2751 1,
239 2689 281 2741 tir.
301 2691 326 2749 6,
346 2705 374 2740 n.
394 2687 458 2747 91):
480 2684 613 2740 “Verum
626 2685 743 2740 istorum
758 2685 904 2740 Cononum
918 2687 1023 2740 veritas
1037 2704 1093 2740 non

126 2775 269 2829 immerito
289 2775 376 2828 dubia
396 2774 485 2828 videri
513 2775 627 2842 poterit,
657 2791 718 2828 com
748 2774 875 2842 legamus
905 2791 1093 2828 successorem

127 2866 285 2933 proximum
305 2864 331 2916 S.
352 2863 429 2916 Petri
448 2863 536 2917 fuisse
556 2862 664 2928 Linum,
678 2865 778 2930 postea
792 2861 910 2926 Cletum,
925 2863 1026 2916 deinde
1040 2863 1093 2942 pri·

126 2973 203 3008 mum
224 2952 405 3007 Clementem.
427 2953 456 3006 Si
475 2953 560 3017 dicas,
582 2953 608 3006 S.
629 2951 803 3006 Clementem
825 2951 938 3019 quidem
967 2969 984 3005 a
1008 2951 1092 3006 Petro

126 3042 179 3096 sibi
199 3041 394 3106 substitutum,
414 3042 463 3096 sed
482 3041 659 3096 demissionis
680 3040 772 3095 studio
791 3040 969 3093 renuntiasse
995 3039 1092 3107 digni-

125 3131 188 3194 tati,
209 3133 238 3183 et
258 3130 298 3182 sic
316 3130 417 3184 deinde
446 3130 565 3184 electum
594 3129 701 3193 Linum,
733 3145 789 3182 non
818 3144 1022 3196 repugnavero,
1043 3129 1093 3184 sed

125 3237 188 3274 cnm
208 3219 349 3273 communi
369 3219 470 3283 dicam,
490 3237 553 3274 eam
567 3218 798 3274 substitutionem
813 3217 921 3272 factam
936 3235 953 3271 a
967 3217 994 3272 S·
1008 3217 1091 3274 Petro

125 3310 320 3378 inspiratione,
340 3305 591 3378 nutuque'divino,
611 3325 645 3363 ac
664 3309 782 3378 proinde
809 3307 868 3362 eius
897 3308 1005 3362 factum
1034 3325 1092 3363 non

126 3400 294 3453 trahendum
314 3398 343 3451 in
364 3399 604 3466 consequentiam.
622 3425 658 3435 -
677 3397 769 3463 Quare
789 3414 852 3450 cum
880 3396 966 3463 Suae,
989 3397 1026 3450 D.
1046 3401 1091 3466 20,

51 3477 58 3486 ’
128 3487 159 3542 de
175 3489 261 3555 Μή.
282 3491 307 3555 5,
326 3505 401 3541 num.
416 3491 459 3543 16.
479 3491 508 3541 et
526 3486 713 3554 frequentiori
728 3485 785 3539 DD.
798 3485 884 3540 facile
900 3485 1013 3554 quidem
1026 3503 1091 3540 eon·

129 3577 202 3637 cedo,
222 3578 297 3645 quod
315 3577 345 3630 in
365 3593 431 3631 casu
451 3577 574 3646 quodam
594 3575 827 3642 extraordinario,
847 3593 901 3644 quo
932 3576 1015 3630 aliter
1043 3593 1091 3630 ne-

129 3667 254 3722 cessitati
273 3665 415 3722 Ecclesiae
435 3666 559 3720 succurri
577 3683 634 3721 non
653 3683 736 3734 posse
755 3665 936 3734 praevideret
959 3669 1090 3720 anteces-
