2812 4268
365 272 429 320 ΟΑΡ.
455 273 499 318 111.
524 271 563 318 DE
588 271 697 318 Pousis
721 261 955 318 scotusins‘ricts
1101 266 1156 320 443

184 471 329 536 exercitio
354 490 512 537 sacrorum
539 458 709 536 officiorum
734 472 782 535 vei
798 470 1073 536 ecclesiastieorum
1089 489 1156 534 mu-

183 588 290 634 nerum
316 569 459 634 indicere.

224 668 326 730 1431.
353 702 397 714 -
429 668 487 730 111.
521 667 710 736 Huiusmodi
741 668 940 748 praeceptum
972 684 1091 746 semper
1122 666 1154 729 in

181 765 305 847 scriptis
328 765 536 830 intimandum
562 766 619 839 est,
644 764 692 829 dic
709 767 741 828 ct
757 783 860 828 mense
873 763 1055 846 designato;
1075 763 1156 840 ideo·

183 881 241 944 que
265 861 330 926 fieri
354 862 445 926 debet
468 863 525 926 ved
541 863 580 926 ab
605 863 670 944 ipso
694 861 867 936 Ordinatio,
887 861 935 924 vel
952 861 990 924 ab
1007 860 1070 924 alia
1089 879 1154 942 per-

183 978 259 1024 sona
283 960 320 1024 de
342 978 483 1042 expresso
515 959 612 1042 ipsius
645 961 804 1024 mandato.
836 959 872 1022 In
907 958 1153 1040 eadenr‚tamen

184 1057 381 1122 intimatione
405 1057 634 1139 exprimendum
659 1059 716 1132 est,
741 1057 822 1138 quod
850 1055 1001 1121 eiusmodi
1032 1055 1155 1137 punitio
1208 1077 1210 1080 ·

185 1156 338 1238 irrogetur
360 1155 392 1218 in
416 1155 480 1218 vim
503 1155 676 1218 Tridentini
701 1144 815 1220 decreti
839 1155 927 1236 (sess.
955 1155 1005 1231 14,
1030 1171 1097 1232 cop.
1122 1154 1152 1226 1,

66 1336 69 1342 .
185 1253 223 1316 de
245 1249 402 1334 Reform.)
418 1271 453 1315 cr
470 1253 636 1317 informata
653 1253 838 1316 couscientia
854 1252 904 1315 rei
919 1271 955 1315 ex
977 1251 1078 1315 causis
1093 1251 1153 1332 ipsi
1248 1277 1257 1297 ·

77 1403 79 1407 .
185 1348 347 1413 Ordinario
371 1351 465 1414 uotis.

190 1479 192 1483 ·
232 1447 328 1510 1432.
354 1484 395 1492 -
416 1447 474 1510 iv.
498 1448 619 1512 Debent
642 1449 767 1529 insuper
790 1447 918 1529 exprimi
941 1449 1045 1529 partes
1073 1465 1155 1509 erer-

185 1545 251 1609 citii
275 1544 390 1609 ordinis
413 1545 462 1609 vel
486 1544 590 1621 officii,
615 1545 653 1608 ad
679 1565 756 1626 quas
779 1545 955 1609 extenditur
978 1545 1152 1626 suspens103

185 1642 268 1724 quod
291 1643 318 1706 si
340 1661 505 1724 suspensus
528 1643 713 1707 interd-ictus
736 1643 778 1707 sit
801 1643 840 1707 ab
864 1643 976 1716 officio,
1001 1643 1050 1705 cui
1074 1641 1156 1706 alter

184 1741 217 1804 iu
238 1741 342 1804 locum
365 1740 461 1822 ipsius
484 1742 720 1806 substituendus
744 1741 801 1817 est,
821 1742 856 1806 nt
874 1743 951 1823 puta
969 1757 1155 1805 oeconomus
1172 1811 1174 1815 ,

184 1837 217 1900 in
240 1855 313 1900 eura
337 1836 521 1912 animarum,
547 1840 621 1902 tune
644 1839 836 1903 substitutus
860 1837 1030 1905 mercedem
1060 1837 1155 1918 perei-

184 1935 249 2016 piet
271 1952 307 1996 er
329 1933 482 1998 fructibus
505 1935 658 2018 beneficii,
677 1936 708 1998 in
733 1955 769 1999 ca
792 1935 943 2016 portione,
968 1953 1046 2015 quae
1066 1934 1153 1997 iuxta

184 2032 317 2114 prudens
340 2031 494 2096 Ordinarii
518 2034 683 2097 arbitrium
700 2035 869 2104 taxabitur.
887 2032 930 2096 At
946 2033 972 2096 si
988 2051 1156 2114 suspensus
1182 2055 1185 2062 ·

184 2131 216 2194 in
229 2129 297 2194 'hec
320 2131 478 2195 taxatione
501 2150 533 2195 se
556 2134 724 2214 gravatum
747 2127 887 2205 ¹senserit,
909 2130 1153 2194 moderationem

185 2246 351 2310 provocare
373 2227 488 2309 poterit
511 2229 594 2310 apud
618 2227 744 2293 Curiam
769 2220 1069 2310 archiepiscopalem,
1098 2228 1156 2290 aut

184 2324 289 2390 etiam
303 2325 386 2408 apud
410 2325 517 2390 Sedem
542 2325 764 2408 Apostolicam.
994 2399 996 2402 ¹

187 2455 193 2465 ·
232 2425 328 2487 1433.
355 2461 392 2470 -
419 2424 457 2487 V.
481 2425 617 2506 Exprimi
635 2426 710 2488 item
734 2425 824 2488 debet
836 2425 959 2504 tempus
983 2423 1156 2486 durationis
1244 2486 1247 2491 .

184 2521 321 2586 eiusdem
345 2539 468 2603 poenae.
492 2522 680 2586 Abstineant
703 2525 808 2586 tamen
832 2521 987 2586 Ordinarii
1017 2520 1056 2583 ab
1087 2520 1155 2602 ipsa

185 2618 351 2702 infligenda
375 2619 407 2681 iu
429 2621 623 2700 perpetuum.
647 2617 736 2698 Quod
759 2621 785 2683 si
810 2619 849 2684 ob
871 2619 1029 2702 graviores
1044 2609 1156 2682 causas

185 2715 366 2780 Ordinarius
390 2716 543 2779 censuerit
566 2736 634 2780 eam
657 2719 814 2798 imponere
838 2735 900 2780 non
915 2715 955 2780 ad
971 2717 1094 2796 tempus
1106 2715 1155 2778 de-

185 2813 399 2889 terminatum,
424 2813 477 2876 scd
500 2813 540 2876 ad
564 2833 654 2878 suum
671 2813 908 2895 beneplacitum,
926 2816 1000 2876 tune
1015 2813 1082 2894 ipsa
1098 2811 1154 2874 ha·

185 2910 276 2976 betur
288 2928 342 2991 pro
355 2909 562 2991 temporanea,
576 2912 706 2994 ideoque
719 2911 850 2975 cessabit
862 2929 932 2974 cum
943 2910 1157 2974 iurisdictione

185 3007 340 3071 Ordinarii
364 3007 593 3088 suspensionem
618 3008 797 3094 infligentis.

164 3114 166 3117 ·
233 3104 328 3167 1434.
354 3141 395 3148 -
420 3103 474 3166 Vi.
493 3104 692 3186 suspensioni
723 3125 758 3168 er
774 3105 941 3168 informata
969 3103 1156 3168 conscientia

185 3203 302 3266 iustam
325 3221 361 3266 ac
384 3201 561 3286 legitimam
584 3221 711 3266 eausam
723 3203 850 3284 praebet
861 3201 977 3266 crimen
990 3221 1044 3266 seu
1065 3201 1158 3282 culpa

185 3319 372 3382 asuspenso
395 3301 571 3364 commissa.
595 3299 681 3364 Haeo
705 3303 811 3364 autem
835 3299 926 3363 debet
942 3319 1007 3364 esse
1024 3299 1157 3376 occulta,
1200 3315 1202 3319 ·

184 3398 216 3461 61
239 3397 284 3460 116
307 3397 423 3481 gravis,
447 3398 484 3461 ut
506 3397 605 3460 talem
629 3399 843 3480 promereatur
865 3398 1092 3487 [1611116166.ι

232 3496 327 3558 1435.
355 3531 393 3540 -
417 3495 490 3558 Vll.
514 3494 563 3558 Ad
587 3495 645 3560 hoc
668 3498 774 3560 autem
800 3497 837 3559 ut
860 3495 902 3559 sit
918 3495 1039 3559 occulta
1058 3495 1156 3577 requi·

184 3594 274 3668 ritur,
298 3596 335 3658 ut
358 3611 455 3675 neque
478 3594 510 3657 in
533 3594 685 3661 iudicium
708 3612 806 3674 neque
829 3593 861 3657 in
892 3611 1032 3658 rumores
1068 3593 1156 3678 vulgi

183 3687 316 3754 deducta
339 3691 391 3767 sit,
416 3709 512 3772 neque
535 3691 661 3774 iusuper
684 3690 837 3756 eiusmodi
860 3709 989 3755 numero
1014 3691 1046 3754 et
1059 3690 1157 3772 quali·
