2750 4270
304 249 360 302 240
582 251 757 298 rubemus
780 253 820 298 DE
845 251 996 299 russeum

306 451 466 516 Wcorium
499 450 682 516 Generulem
705 453 849 535 Episcopi
869 474 908 516 er
930 451 1037 514 alem
1059 451 1185 516 dioecesi
1201 473 1256 517 csse

305 549 537 613 assumendum.
560 549 660 612 Hodie
675 553 782 613 tamen
793 569 829 612 er
840 549 1061 614 consuetudine
1076 569 1164 631 saepe
1178 550 1258 614 aliter

305 646 354 722 fit,
377 648 520 726 quemuis
547 672 564 703 ‹
588 667 675 710 mens
698 645 729 710 S.
753 649 906 730 congreg.
930 646 1060 711 Concilii
1089 667 1125 712 ea
1157 647 1256 731 iugiter

306 744 358 818 sit,
374 745 411 805 nt
427 745 591 806 extranens
606 744 753 826 eligatur,
769 763 806 807 ac
820 763 882 807 oon
897 745 957 808 nisi
971 763 1043 808 cum
1055 765 1148 809 cause
1159 746 1195 808 eb
1208 745 1255 808 hnc

303 841 373 924 lege
394 841 566 922 dispensat,
588 843 615 904 sl
638 843 690 904 cni
712 843 835 924 placeat
857 843 945 906 illum
969 844 1159 926 interrogare
1173 868 1202 919 ›,
1218 843 1256 906 eit

305 937 442 1002 Scevini.

352 1037 434 1099 695.
452 1074 492 1082 -
511 1036 568 1099 lV.
584 1037 709 1118 Absque
730 1037 836 1118 Papae
858 1037 1089 1120 dispensatione
1099 1058 1159 1103 non
1174 1038 1262 1120 potest

306 1136 423 1199 assumi
445 1135 613 1216 relipiosus
635 1136 667 1197 in
693 1135 760 1198 Vic.
784 1134 862 1198 Gen.
885 1136 1039 1218 Episcopi.

352 1234 429 1296 696.
452 1271 495 1278 -
521 1235 592 1297 lora
626 1234 743 1298 licerii
780 1233 957 1299 Generalis.
981 1272 1024 1279 -
1052 1236 1079 1298 Ι.
1103 1235 1138 1298 ln
1161 1234 1260 1299 consti·

306 1333 411 1394 tntum
435 1331 595 1394 vicarium
624 1331 739 1394 transit
774 1332 874 1394 omnis
908 1331 1092 1408 iurisdictio,
1127 1351 1202 1414 qnae
1226 1332 1260 1396 ed

305 1428 490 1510 Episcopum
512 1429 579 1491 iure
603 1428 759 1492 ordinario
782 1430 938 1510 pertinet;
965 1449 1100 1512 nemque
1133 1430 1261 1494 Vicerius

305 1526 338 1589 in
360 1527 399 1589 iis
423 1545 502 1606 qnae
531 1525 755 1588 iurisdictionis
789 1527 873 1600 sunt,
909 1525 1094 1591 Ordinerinm
1124 1529 1263 1603 censetur,

305 1625 400 1704 etque
422 1643 519 1687 unum
542 1622 685 1705 idemque
708 1624 859 1688 Tribnnel
880 1644 952 1688 cum
974 1625 1126 1708 Episcopo
1161 1626 1263 1690 eonsti-

305 1721 378 1796 tnit,
402 1721 531 1800 ideoque
554 1739 572 1784 a
597 1719 722 1785 Vicerio
743 1721 784 1784 ed
806 1721 991 1803 Episcopum
1014 1741 1074 1786 non
1098 1723 1266 1806 appelletur

306 1817 436 1901 (Soglie,
453 1818 538 1896 etc).

352 1914 427 1977 697.
451 1951 496 1960 -
518 1916 559 1978 ΙΙ.
584 1914 663 1979 Cum
686 1915 829 1979 Vicerins
851 1917 882 1979 in
899 1917 965 1980 sola
982 1915 1138 1980 ordinarie
1154 1917 1267 1982 iurisdi-

306 2012 407 2076 ctione
431 2013 512 2076 vices
535 2013 676 2094 Episcopi
699 2015 798 2096 gerat,
822 2013 934 2076 idcirco
968 2015 1076 2094 nequit
1110 2015 1150 2078 ils
1183 2015 1265 2079 rebus

305 2129 371 2174 sese
393 2110 575 2186 immiscere,
592 2130 670 2192 qnae
686 2110 726 2174 ed
742 2111 929 2193 Episcopum
944 2111 1099 2194 pertinent
1110 2114 1265 2194 tamquam

306 2205 392 2271 Sedis
415 2208 613 2290 Apostolicae
636 2208 825 2290 delegatum,
850 2211 882 2272 et
908 2209 995 2272 nullo
1030 2209 1134 2274 minus
1168 2211 1199 2274 in
1232 2209 1266 2274 iis

306 2325 385 2386 quae
407 2305 558 2388 Episcopo
580 2306 747 2370 commissa
770 2307 844 2370 sunt
859 2307 976 2370 talibus
992 2307 1102 2382 verbis,
1120 2310 1177 2371 aut
1193 2309 1267 2372 clau-

306 2403 393 2479 sulis,
417 2404 529 2484 quibus
552 2403 744 2487 significetur
766 2405 926 2488 negotium
949 2405 1009 2468 soli
1024 2405 1177 2487 Episcopo
1193 2405 1266 2470 dele

305 2501 374 2584 gari
398 2501 479 2584 (id).
503 2541 545 2548 -
564 2503 601 2566 ln
613 2505 682 2567 tota
696 2503 826 2568 dioecesi
838 2503 1055 2584 praeferendus
1071 2505 1120 2566 est
1132 2505 1267 2568 omnibns

307 2600 535 2665 Commisseriis
558 2602 590 2664 et
619 2601 835 2665 Potestetibns
866 2599 1107 2684 (saeeubeoos)
1138 2601 1263 2666 locorum

306 2695 407 2761 dictae
430 2699 585 2762 Dioecesis
608 2698 652 2778 (S.
676 2699 719 2764 R.
748 2697 795 2772 0,
822 2700 862 2762 15
886 2699 977 2762 Maii
1004 2699 1116 2782 1610).
1139 2736 1183 2744 -
1211 2699 1264 2762 Eo·

306 2794 407 2859 cultas
431 2796 524 2858 elicui
548 2795 673 2860 Vicerio
696 2815 839 2861 concessa
861 2796 1060 2860 benedicendi
1082 2815 1170 2861 sacra
1185 2814 1262 2879 parc-

306 2892 421 2966 mente,
445 2892 568 2972 aliaque
591 2893 622 2954 in
646 2893 758 2974 quibus
781 2912 868 2956 sacre
892 2893 996 2956 unctio
1013 2911 1074 2956 non
1097 2893 1261 2967 adhibetur,

306 2989 351 3052 ita
375 2991 422 3052 est
445 2987 658 3072 intelligenda,
682 2991 719 3052 ut
742 3008 802 3053 non
826 2989 925 3070 possit
947 2989 987 3052 eb
1009 3008 1045 3054 eo
1069 2990 1141 3055 aliis
1163 2991 1263 3072 imper-

307 3086 370 3162 tiri,
386 3088 495 3168 utpote
511 3087 586 3168 ipsis
601 3087 726 3150 tantum
742 3087 927 3151 nominatim
943 3106 1087 3153 concesso
1104 3088 1151 3170 (S.
1164 3089 1205 3153 R.
1221 3083 1262 3161 0,

308 3183 349 3246 16
373 3182 461 3246 Moic'
494 3185 603 3266 1620).
637 3221 673 3230 —-
708 3183 778 3247 Non
813 3186 916 3266 potest
939 3184 1082 3250 Vicerins
1113 3184 1264 3251 Generalis

305 3279 549 3344 benedictionem
573 3281 849 3346 concionatoribus
863 3282 1016 3365 impertiri
1041 3283 1088 3365 (S.
1105 3284 1148 3348 R.
1169 3281 1213 3358 (1.,
1227 3280 1261 3345 11

306 3375 386 3442 Iulii
411 3378 520 3461 1699).
546 3416 588 3424 -
612 3377 737 3443 Clericls
760 3380 886 3444 tentum
909 3380 940 3442 in
963 3380 1137 3445 minoribus
1155 3379 1263 3444 consti-

306 3475 395 3552 tutis,
420 3478 476 3540 eot
499 3477 598 3560 prime
622 3478 762 3541 Tonsure
786 3477 929 3553 initiatis,
962 3478 1087 3544 concedi
1115 3479 1217 3561 potest
1248 3494 1264 3538 e

308 3569 431 3636 Vicario
443 3573 567 3637 licentis
579 3573 728 3657 tangendi
741 3573 858 3639 Calices
870 3575 904 3638 et
914 3572 1094 3657 Corporalic
1106 3575 1154 3657 (S.
1168 3573 1208 3638 R.
1222 3569 1262 3646 0.,

309 3666 328 3728 2
352 3667 441 3730 Mac
464 3669 574 3752 1626).
