2812 4268
360 287 425 334 CAP.
449 290 470 336 1.
495 289 534 334 DE
559 288 729 335 Pornsrnrn
752 287 910 338 IUDICANDI
992 322 994 327 -
1070 285 1126 339 m

104 523 115 548 ·
157 508 248 589 ptum
272 505 348 570 dicti
371 504 456 570 Sacri
480 505 621 582 Concilii,
645 505 728 570 Sese.
741 509 771 582 7,
795 505 833 569 de
849 504 1000 583 capra,
1018 509 1122 585 capd

159 609 190 668 et
210 623 276 683 cop.
302 606 332 678 7,
357 605 388 667 et
411 604 498 668 iuxta
522 602 784 667 Constitutionem
808 623 832 667 s.
857 623 899 666 m.
922 603 971 667 Pii
988 603 1125 684 V,‘quac

158 703 288 784 incipit:
312 701 370 766 Ad
395 702 632 782 obsequendam.

199 800 301 865 1379.
327 835 369 848 -·
385 800 425 863 X.
442 801 523 864 Item
547 799 694 864 adversus
718 800 931 864 visitationem
967 799 1124 888 beneficio·

158 917 227 961 rum
252 898 441 972 curatorum,
466 899 629 978 utsupra,
656 899 804 979 perpetuo
820 897 989 973 unitorum,
1007 915 1122 961 necnon

159 1014 351 1076 quarumque
389 995 586 1058 ecclesiarum
625 994 856 1076 quomodolibet
900 983 1123 1076 exemptarum,

159 1093 250 1175 prout
273 1094 368 1156 etiam
392 1093 539 1157 adversus
562 1093 692 1156 Decreta
716 1095 749 1156 et
770 1093 960 1174 provisiones
975 1093 1014 1156 ab
1037 1091 1126 1155 Ordi-

158 1191 244 1254 nario
267 1191 441 1272 capiendas,
465 1192 511 1267 ut,
537 1211 615 1272 qnae
638 1191 732 1255 ineis
755 1191 949 1274 reparatione
973 1190 1123 1274 indigent,

157 1291 348 1369 reparentur,
373 1290 404 1352 et
427 1308 501 1352 cura
528 1289 713 1364 animarum,
729 1291 730 1294 ’
749 1287 776 1350 si
799 1306 860 1368 qua
883 1288 946 1354 illis
969 1288 1123 1364 imminet,

159 1386 289 1468 aliisque
313 1386 424 1450 debitis
448 1385 603 1467 obsequiis
626 1386 753 1448 minime
780 1384 1010 1461 defraudentur,
1034 1385 1123 1449 iuxta

143 1484 392 1567 *dispositionem
417 1483 446 1547 S.
471 1482 601 1548 Concilii
624 1485 656 1547 in
679 1483 797 1557 eadam,
833 1485 914 1548 Sese.
941 1487 971 1559 7,
999 1483 1035 1546 da
1059 1479 1129 1548 aa:

150 1580 261 1660 form,
277 1603 343 1664 cap.
368 1585 398 1656 8,
415 1587 446 1646 et
460 1580 542 1646 8333.
559 1585 613 1658 21,
630 1601 697 1661 cop.
722 1585 753 1645 7.

206 1679 302 1742 1380.
327 1716 371 1724 —
394 1679 449 1742 XI.
473 1679 554 1742 Item
577 1699 595 1742 a
619 1681 757 1743 Decretis
792 1699 845 1743 seu
876 1679 1045 1756 Mandatis,
1069 1697 1125 1762 per
1234 1763 1235 1767 Ἰ

160 1796 238 1860 quae
260 1779 412 1860 Episcopi,
436 1779 531 1842 etiam
555 1779 605 1842 uti
627 1779 823 1861 Apostolicae
858 1777 944 1843 Sedis
967 1779 1123 1862 Delegati,
1195 1823 1198 1832 .

140 1868 190 1939 in
214 1875 349 1940 ecclesiis
371 1877 609 1958 parochialibus,
642 1877 698 1940 aut
720 1877 971 1958 baptismalibus,
994 1877 1026 1939 in
1058 1876 1123 1958 qui·
1174 1885 1178 1892 ’

158 1974 216 2038 bus
239 1973 372 2056 populus
395 1975 441 2038 ita
464 1993 644 2038 numerosus
667 1975 724 2050 est,
749 1977 786 2038 ut
809 1992 889 2038 unns
923 1975 1036 2039 Rector
1059 1993 1120 2038 nou

159 2071 257 2152 possit
279 2071 418 2134 sufficere
442 2072 656 2135 ecclesiasticis
672 2069 880 2135 Sacramentis
897 2065 1119 2148 ministrandis

158 2171 190 2232 et
213 2170 312 2232 cultui
336 2169 439 2233 divino
463 2169 646 2253 peragendo,
670 2170 782 2252 cogant
805 2170 946 2244 rectores,
978 2169 1027 2232 vel
1043 2169 1123 2233 alios

159 2267 198 2330 ad
223 2286 299 2348 quos
323 2267 465 2349 pertinet,
490 2267 549 2331 sibi
572 2269 621 2330 tot
645 2267 818 2330 sacerdotes
850 2267 889 2330 ad
920 2267 977 2330 hoc
1008 2255 1146 2330 munus'

159 2363 336 2446 adiungere,
361 2367 437 2445 quot
460 2364 616 2428 sufficiant
639 2364 678 2427 ad
709 2363 909 2427 Sacramenta
940 2363 1121 2440 exhibenda,

159 2463 190 2525 et
213 2461 332 2524 cultum
368 2462 508 2525 divinum
539 2453 775 2524 celebrandum:
811 2463 867 2524 aut
894 2463 989 2525 etiam
1013 2462 1123 2526 invitis
1155 2535 1158 2541 ,

158 2561 337 2637 rectoribus,
362 2559 528 2642 procedant
551 2559 591 2623 ad
607 2559 867 2623 ¹constitutionem
892 2577 1042 2623 novarum
1069 2578 1121 2641 pa·
1165 2635 1166 2638 Ἴ

118 2653 122 2660 ’
159 2658 343 2732 rochiarum,
357 2676 427 2720 cum
443 2658 653 2742 assignatione
669 2657 873 2739 competentis
889 2657 1050 2738 portionis,
1068 2657 1121 2721 ubi
1192 2657 1196 2667 “

159 2756 196 2820 ob
218 2756 355 2820 locorum
381 2755 575 2832 distantiam,
600 2757 664 2820 sive
687 2755 914 2830 difficultatem,
932 2755 1122 2836 parochiani,

159 2854 223 2918 sine
247 2871 359 2935 magno
375 2853 579 2929 incommodo,
596 2854 636 2918 ad
652 2853 844 2935 percipienda
873 2852 1073 2916 Sacramenta
1089 2856 1123 2916 et
1232 2861 1236 2864 ’

159 2951 263 3016 divina
287 2950 387 3015 officia
411 2951 564 3016 audienda
588 2951 728 3016 accedere
752 2970 813 3015 non
836 2951 975 3034 possunt,
1000 2951 1049 3014 vel
1072 2950 1124 3014 de-

159 3050 250 3130 nique
274 3052 397 3130 propter
427 3042 654 3132 paupertatem,
679 3050 763 3113 etin
795 3049 923 3114 caeteris
958 3048 1079 3112 casibus
1102 3068 1120 3113 a

160 3147 225 3210 iure
249 3148 416 3228 permissis,
440 3146 604 3212 deveniant
628 3148 668 3212 ad
698 3149 826 3211 uniones
860 3147 1024 3228 perpetuas
1048 3146 1124 3212 alio-

158 3265 228 3308 rum
251 3244 466 3308 beneficiorum
493 3246 691 3327 simplicium,
708 3265 768 3310 non
784 3247 889 3308 tamen
905 3244 1119 3328 Regularium,

150 3343 245 3408 iuxta
269 3341 498 3424 dispositionem
523 3342 553 3407 S.
578 3341 718 3419 Concilii,
744 3341 825 3406 Sese.
841 3345 896 3417 21,
914 3343 952 3406 de
967 3339 1119 3420 Reform,

109 3490 111 3494 .
158 3459 225 3520 cap.
250 3445 272 3502 4
295 3445 324 3503 et
339 3444 370 3516 5,
387 3447 416 3504 et
431 3439 513 3504 Sese.
530 3445 585 3514 24,
602 3428 747 3504 similiter
762 3441 799 3503 de
816 3439 966 3520 Reform,
984 3461 1050 3520 cap.
1067 3445 1122 3503 13.

207 3539 302 3603 1381.
325 3575 369 3584 -
405 3539 474 3602 XII.
509 3540 589 3602 Item
620 3539 862 3620 adaputationc
892 3539 1120 3614 coadiutorum,

158 3638 215 3700 aut
238 3637 424 3701 vicariorum
460 3655 516 3718 pro
539 3639 686 3718 tempore,
711 3637 760 3700 vel
790 3637 862 3700 aliis
895 3633 1123 3718 provisionibus

158 3735 198 3816 ab
220 3733 371 3817 Episcopo
402 3734 567 3817 capiendis,
600 3735 696 3798 etiam
731 3737 894 3815 tamquam
924 3733 1124 3816 apostolicae
