2750 4270
302 225 351 279 174
433 226 607 274 calunnius
630 227 669 272 DE
693 218 883 274 HIERARGHIA
906 223 1139 272 IURISDICTIONIS

298 425 399 508 magis
422 424 493 488 illas
517 425 549 488 et
572 423 680 487 solidis
703 423 915 488 fundamentis
938 422 1069 497 innixas,
1086 421 1119 483 et
1138 419 1252 484 sublimi

298 541 358 586 non
382 523 484 586 minus
501 540 596 602 quam
612 521 736 584 vetusta
752 520 950 584 institutione
967 518 1165 592 venerabiles,
1181 517 1252 598 ipsa·

300 639 358 702 que
381 619 542 700 disciplina
566 620 598 682 et
621 619 685 682 ritu
708 636 820 702 graves
844 637 879 680 ac
902 617 1065 699 religiosas
1101 633 1252 698 agnoscere

299 719 330 781 et
353 716 549 798 comprobare
572 715 745 798 gaudemus
762 739 779 773 >›
807 715 1013 797 (Huguenin).

345 815 419 877 500.
436 849 480 860 -
497 813 695 894 Significatu
715 813 816 876 Pallii.
838 849 881 858 —
897 812 922 876 Ι.
944 811 1116 893 «Episcopi
1133 810 1252 892 pallium

298 931 357 976 non
381 930 397 975 e
419 911 493 988 lino,
518 910 571 974 sed
594 929 609 972 e
633 911 704 973 lana
728 909 910 985 confectum,
928 910 993 972 ovis
1014 909 1109 990 pelles
1125 907 1251 982 denotat,

299 1027 393 1095 quam
417 1009 611 1072 aberrantem
635 1026 783 1088 quaerens
807 1007 957 1070 Dominus
980 1007 1012 1070 in
1035 1006 1175 1088 proprios
1203 1005 1253 1068 hu·

301 1125 400 1170 meros
423 1105 563 1170 sustulit.
587 1105 757 1186 Episcopus
781 1107 861 1168 enim
886 1103 1001 1168 Christi
1025 1106 1136 1186 typum
1156 1121 1253 1186 gerens

299 1205 383 1268 illius
399 1223 524 1268 munere
540 1202 691 1285 fungitur,
705 1204 737 1266 et
754 1203 895 1267 omnibus
909 1203 976 1284 ipso
989 1201 1101 1265 habitu
1118 1199 1251 1281 ostandit,

301 1322 332 1367 se
355 1303 428 1367 boni
451 1303 483 1366 et
505 1301 612 1384 magni
628 1301 768 1364 Pastoris
784 1301 975 1366 imitatorem
993 1319 1068 1376 esse,
1086 1300 1140 1381 qui
1161 1299 1253 1382 gregis

298 1400 496 1464 infirmitates
519 1400 596 1464 ferre
621 1396 729 1462 voluit
754 1399 857 1480 Atque
881 1400 1006 1463 attende
1031 1398 1158 1462 sedulo:
1191 1416 1253 1460 cum

299 1501 380 1562 enim
396 1517 486 1562 verus
502 1497 567 1578 ipse
583 1497 695 1560 Pastor
711 1497 839 1572 accedit,
852 1498 968 1579 apertis
981 1496 1162 1560 venerandis
1175 1513 1253 1559 evan·

298 1597 397 1681 gellis,
422 1597 453 1659 et
477 1595 614 1677 assurgit
637 1594 815 1676 Episcopus,
833 1596 864 1658 et
880 1593 1066 1658 imitationis
1082 1595 1196 1657 restem
1212 1591 1254 1654 de

298 1693 387 1776 ponit
403 1717 420 1752 >›
448 1691 535 1774 (laid.
564 1691 648 1755 Mon.
666 1694 790 1775 aegypt.
807 1693 829 1754 l.
848 1693 877 1768 1,
902 1711 948 1774 ep.
968 1691 1056 1774 136).
1074 1728 1117 1736 -
1133 1691 1174 1754 ll.
1191 1688 1253 1752 Pal-

299 1792 377 1854 lium
411 1789 565 1874 significat
598 1789 785 1870 particulam
820 1790 1054 1854 Ecclesiasticus
1087 1787 1251 1871 potestatis,

299 1889 471 1952 derivatam
503 1907 538 1950 cr
568 1887 760 1968 plenitudine
791 1888 884 1952 officii
915 1887 1093 1970 pastoralis,
1123 1905 1198 1968 quae
1225 1884 1252 1948 in

297 1985 523 2050 successoribus
545 1984 631 2047 Petri
662 1984 785 2048 residet.
808 1985 975 2066 Propterea
1010 1985 1159 2048 Summus
1181 1983 1252 2046 Pon·

296 2083 372 2146 tifex
395 2083 480 2146 solus
503 2100 622 2163 semper
644 2082 676 2144 et
699 2081 813 2162 ubique
836 2083 867 2145 in
884 2082 988 2146 Missis
1004 2082 1190 2146 solemnibus
1206 2079 1251 2144 illo

297 2180 408 2244 utitur.

342 2277 417 2340 501.
442 2313 486 2322 —
511 2278 591 2341 ilaus
617 2277 719 2342 Pallii.
747 2313 784 2321 -—
803 2277 828 2338 Ι.
846 2277 936 2341 Rom.
954 2277 1108 2354 Pontifex,
1125 2277 1253 2341 Patriar·

298 2373 382 2450 chae,
406 2374 571 2449 Primates,
596 2373 817 2456 ltletropolitas
834 2374 879 2456 (ot
903 2373 1077 2438 cardinalis
1096 2375 1253 2456 Episcopus

298 2469 447 2535 Ostiensis
471 2490 541 2534 cum
565 2470 683 2552 Papam
700 2471 882 2554 consecrat),
896 2473 991 2553 pallio
1008 2473 1152 2535 utuntur.
1169 2471 1253 2534 Bem-

297 2567 366 2632 ficio
390 2568 569 2650 Apostolico
594 2568 690 2650 aliqui
714 2568 857 2649 Episcopi
880 2569 968 2650 pallii
992 2589 1084 2632 usum
1107 2568 1226 2634 habent.

343 2667 418 2729 502.
449 2702 486 2713 -
525 2665 565 2728 ll.
598 2664 689 2730 Solus
720 2667 878 2730 Romanus
909 2666 1051 2730 Pontifex
1081 2685 1198 2748 semper
1225 2662 1252 2726 et

296 2763 410 2844 ubique
433 2763 528 2846 pallio
552 2765 600 2826 uti
623 2765 733 2845 potest,
758 2764 872 2826 caeteri
895 2783 956 2828 non
987 2765 1046 2828 nisi
1073 2765 1156 2828 intra
1185 2763 1251 2826 fines

297 2879 371 2924 suae
387 2860 618 2938 iurisdictionis,
635 2863 666 2924 et
683 2861 774 2924 statis
790 2861 943 2942 certisque
959 2861 1077 2930 diebus.
1098 2863 1135 2925 de
1151 2861 1251 2943 quibus

297 2959 478 3024 Pontifioale
502 2960 677 3024 Romanum
701 2959 847 3042 (Soglia).

343 3061 418 3122 503.
446 3095 484 3104 -
507 3059 567 3122 HI.
593 3059 729 3122 Pallium
753 3057 862 3121 saltem
890 3059 972 3122 intra
988 3060 1051 3123 tres
1067 3079 1086 3122 a
1102 3075 1251 3124 consecra·

297 3157 381 3221 tione
404 3175 524 3220 menses
546 3157 713 3239 petendum
737 3156 794 3231 est,
819 3175 837 3218 a
861 3156 989 3220 Summo
1012 3157 1163 3221 Pontifice
1189 3173 1252 3220 con·

297 3255 387 3318 sueta
410 3255 555 3331 formula,
579 3255 636 3318 hoc
660 3255 717 3330 cst,
734 3269 915 3327 rusrlurna,
930 3271 1122 3332 inseramus,
1138 3269 1253 3319 rusum-

297 3367 437 3414 nrssrnra:
462 3353 623 3432 propterea
648 3350 740 3431 quod,
764 3351 801 3412 ut
825 3349 854 3413 S.
879 3348 1048 3434 Gregorius
1063 3352 1198 3436 Magnus
1219 3347 1253 3412 ad

297 3447 530 3511 Brunichildam
554 3447 706 3531 Reginam
730 3447 847 3522 scribit,
872 3468 939 3526 cup.
953 3451 1061 3528 prisca
1083 3449 1157 3512 dist.
1175 3449 1252 3506 188:

301 3571 319 3606 ‹
334 3547 443 3612 Honor
459 3546 547 3628 pallii
563 3547 621 3610 nisi
638 3545 760 3610 fortiter
774 3547 947 3628 postulanti
964 3547 1031 3611 dari
1048 3567 1110 3612 non
1125 3547 1250 3612 debet.»

297 3645 423 3708 Electus
440 3645 546 3707 autem
562 3644 816 3725 Archiepiseopns
833 3647 935 3726 petere
948 3645 1039 3710 debet
1051 3665 1104 3728 per
1117 3645 1254 3728 seipsum,
