2758 4270
300 257 353 314 356
601 259 775 308 maranus
798 261 838 308 DE
861 260 961 308 REBUS

301 458 447 531 latrones,
474 458 528 524 scd
559 459 712 544 sacrilegi,
737 461 769 525 et
798 479 938 540 rapaces,
966 460 1040 542 quia
1072 458 1270 541 diripuerunt

300 557 460 639 praesente
483 557 515 620 et
538 555 767 622 contradicente
791 556 947 621 domino...
1369 613 1370 630 ἢ

347 654 443 718 1025.
460 691 498 700 -
517 654 558 718 II.
571 653 691 718 Merito
707 674 780 736 erpo
795 654 962 718 damnatae
977 652 1109 734 fueruat
1125 654 1268 738 (Syllam,

301 754 354 829 26,
373 753 429 835 27)
452 756 612 832 sequentes
631 753 880 832 propositiones:
907 751 1074 817 «Ecclesia
1097 753 1272 817 nonhabet

300 850 453 925 nativum,
470 850 502 913 et
524 849 703 932 legitimum
719 850 768 914 ius
784 849 970 930 acquirendi,
987 851 1019 914 et
1042 847 1269 932 possidendi».

304 973 322 1007 ‹
345 947 430 1012 Sacri
461 947 613 1011 Ecclesiae
643 947 780 1012 ministri
810 947 1030 1029 Romanusque
1061 946 1208 1011 Pontifex
1231 948 1271 1010 ab

301 1046 385 1110 omni
401 1064 504 1109 rernm
521 1045 739 1128 temporalium
755 1064 828 1110 cura
845 1064 882 1110 ac
898 1045 1034 1108 dominio
1051 1046 1125 1109 sunt
1143 1046 1270 1110 omnino

301 1141 481 1210 excludendi
497 1165 528 1204 2».

348 1240 444 1304 1026.
462 1275 505 1286 -
528 1238 585 1302 lll.
607 1239 682 1304 Vita
706 1240 819 1306 iunctis
841 1240 1011 1323 Apostolis‚
1034 1239 1122 1304 iuxta
1145 1237 1271 1304 Gratia-

302 1358 386 1412 num,
413 1338 445 1402 S.
469 1337 544 1402 Pius
568 1338 593 1414 Ι,
617 1339 697 1403 circa
724 1337 924 1402 medietatem
947 1337 1062 1402 sacculi
1086 1337 1217 1402 secundi
1239 1338 1270 1402 in

301 1437 489 1519 patrimonio
520 1436 673 1501 Ecclesiae
702 1437 839 1501 recenset
856 1435 993 1516 praealta
1014 1434 1133 1498 atacis
1160 1435 1272 1498 acidae

304 1533 441 1609 tradita·
464 1534 496 1596 et
519 1531 549 1598 S.
566 1533 711 1606 Urbanus
734 1535 814 1598 circa
837 1533 962 1618 initium
987 1531 1099 1597 saeculi
1125 1533 1216 1596 tartii
1240 1533 1271 1596 in

302 1632 407 1697 eodem
431 1632 615 1714 patrimonio
639 1631 766 1696 admisit
789 1631 1003 1708 haereditates,
1020 1635 1049 1694 et
1069 1650 1176 1711 apros,
1195 1630 1272 1713 quia

186 1791 189 1796 .
302 1729 427 1813 praedia
455 1729 607 1794 Ecclesiae
638 1729 756 1794 tradita
786 1729 857 1812 plns
883 1729 910 1794 ei
940 1728 1072 1792 afferunt
1103 1727 1271 1802 utilitatis,

299 1845 394 1910 quam
411 1827 625 1891 venditionum
647 1827 759 1910 pretia.
872 1847 876 1854 ·

304 1959 307 1966 ,
346 1925 442 1989 1027.
461 1961 502 1973 -
525 1926 579 1988 lV.
597 1926 765 1990 Eocnasmn
789 1942 919 1990 nrvrrms
942 1941 1126 1990 annuamus
1149 1942 1271 1989 amnn-
1372 1927 1373 1948 ³

183 2029 185 2035 '
301 2040 369 2099 ΤΙοΙ,
397 2026 433 2085 at
467 2021 646 2099 Valdeases,
678 2027 713 2086 et
741 2021 924 2102 Wiclepltae,
952 2021 1064 2102 quibas
1094 2021 1273 2086 adhaereat

299 2120 508 2196 Iaoseac'stae‚
525 2124 556 2184 et
571 2119 757 2184 liberationi
770 2123 945 2196 sectatores,
958 2119 1012 2202 qui
1028 2120 1096 2184 idec
1112 2119 1271 2184 Ecclesiae

299 2217 425 2282 divitias
441 2237 502 2282 non
513 2218 655 2294 landant,
669 2219 742 2300 quia
758 2217 917 2285 saeculum
933 2218 1044 2302 magis,
1059 2236 1154 2298 quam
1164 2217 1270 2282 Deum
1373 2277 1374 2286 ,

300 2316 445 2402 diligunt.
470 2315 528 2382 Sed
548 2317 580 2380 hi
603 2317 689 2382 Ioan.
708 2315 866 2400 Chryscst.
884 2315 1021 2398 (Hamil.
1038 2318 1086 2377 22
1105 2315 1149 2378 ad
1170 2320 1190 2378 1
1215 2312 1271 2379 Oo-
1373 2309 1374 2314 ’

299 2413 414 2496 rioth.)
439 2414 569 2478 erudiant
592 2415 635 2479 sic
659 2414 828 2478 dicentem:
855 2439 873 2472 e
898 2412 975 2478 Cum
999 2413 1188 2478 facultatum
1215 2414 1271 2478 Ec·

299 2511 409 2577 clasiae
425 2513 672 2598 magnitudinem
695 2512 851 2595 perspicis,
869 2513 973 2597 cogita
988 2512 1083 2576 etiam
1100 2511 1267 2594 inscripto·

299 2630 368 2675 rum
392 2629 562 2692 pauperum
586 2611 721 2686 turbem,
739 2609 930 2676 infirmorum
955 2609 1202 2684 multitudinem,
1222 2611 1270 2676 in-

300 2727 499 2774 numerarum
511 2728 712 2791 expensarum
729 2708 927 2773 necessitates
940 2731 971 2782 »3
985 2708 1017 2772 et
1029 2707 1127 2782 nobis,
1140 2726 1269 2788 quaese,

300 2806 460 2888 explicent,
486 2825 580 2887 quare
606 2825 737 2891 regnum
768 2805 938 2888 temporale
965 2823 1125 2886 nunquam
1152 2804 1270 2870 habeat

299 2904 387 2980 satis,
419 2905 451 2968 et
481 2903 616 2968 Ecclesia
650 2922 769 2986 semper
800 2903 916 2968 nimis?
943 2901 1054 2968 Omnia
1085 2907 1268 2985 rapuerunt,

300 3002 332 3065 et
355 3020 504 3084 pauperes
528 3020 586 3066 non
610 3001 710 3066 solum
733 3019 794 3066 non
819 3001 1029 3084 susceperunt,
1054 3000 1108 3065 sed
1130 3001 1269 3083 ipsorum

300 3098 512 3182 Hospitalinm
539 3099 620 3163 bona
649 3100 847 3181 occuparunt.
873 3097 991 3178 Quibus
1018 3099 1200 3182 profuerunt
1223 3099 1270 3164 la·

300 3198 429 3262 trocinia
453 3199 484 3261 et
512 3197 699 3278 rapacitates
722 3197 875 3262 bonorum
906 3197 1059 3262 Ecclesiae
1082 3196 1143 3262 nisi
1165 3197 1270 3262 detra·

240 3323 246 3336 ⁸
301 3294 495 3361 oloribus...?

348 3392 444 3456 1028.
457 3429 502 3438 -
526 3393 749 3458 Patrimonium
768 3393 801 3458 S.
821 3391 915 3457 Petri.
932 3428 977 3436 -
992 3391 1018 3454 I.
1034 3391 1093 3456 Ias
1106 3391 1269 3456 Ecclesiae

301 3489 345 3554 ad
366 3510 425 3553 saa
449 3488 632 3570 temporalia
657 3488 737 3554 boma
759 3487 990 3569 comprehendit
1013 3489 1117 3553 omnia
1140 3488 1269 3553 modilia

301 3589 332 3649 et
353 3586 534 3662 immobilia,
552 3587 625 3650 iura
649 3589 679 3650 et
700 3586 846 3663 actiones,
864 3607 943 3668 qaae
965 3586 1000 3650 ia
1016 3585 1160 3650 Ecclesia
1183 3591 1268 3663 saut,

303 3685 333 3744 et
354 3681 479 3762 aliquid
501 3681 680 3762 temporalis
701 3681 852 3748 utilitatis
875 3681 1008 3760 leoena·
1025 3682 1078 3748 sed
1100 3683 1212 3765 primo,
1238 3683 1269 3748 et
