2758 4270
223 285 288 332 cAP.
312 286 333 332 1.
357 287 397 334 DE
421 286 521 334 REBUS
544 286 706 335 EGGLESIAE
729 289 961 337 resederemus
1022 286 1075 342 345

108 484 160 548 tra
187 484 391 566 rapacitatem
413 483 605 560 liberalismi‚
629 486 662 548 et
683 489 790 550 contra
817 485 993 550 liberalium
1016 488 1076 552 fal·

108 581 206 646 lanias
225 578 246 644 ¹.

156 679 231 743 994.
255 717 299 726 -
328 680 500 746 Primitiae.
531 717 575 726 -
598 680 624 744 Ι.
648 681 771 744 Eorum
801 683 925 748 nomiae
956 681 1075 748 intelli·
1141 748 1144 753 .

106 781 230 858 puniar
254 777 356 856 primi
378 782 480 842 terrac
502 776 634 857 fruetus,
659 781 715 858 poi
737 800 758 842 a
779 779 857 860 fidel
856 781 926 845 idos
949 781 1075 846 Decea

106 875 289 954 pratariam
311 877 472 952 actionem,
496 877 622 956 mosque
644 878 837 941 ministrie'
823 899 858 942 aa
880 879 1075 1000 sustentato·

106 993 181 1035 ιιι-ιιι
201 971 347 1036 collident
333 976 395 1035 tor

155 1069 290 1132 995.-
308 1069 688 1136 ll.Primit1aeinveteri
711 1028 779 1158 lege
796 1073 896 1137 tribus
912 1073 984 1138 anni
1000 1074 1076 1137 tem-

108 1168 235 1278 poribus
258 1168 425 1232 offerebant
411 1170 473 1246 t,ur
490 1169 511 1232 i.
528 1189 553 1233 e.
570 1171 600 1234 in
625 1169 777 1234 Paschate
801 1170 838 1234 de
861 1171 950 1234 novis
973 1171 1074 1253 spicis,

106 1267 141 1330 in
166 1265 244 1330 Pent
245 1269 330 1330 ecost
331 1285 347 1330 e
316 1266 404 1330 tde
419 1268 506 1332 novis
529 1269 671 1351 panibus,
689 1269 767 1332 etin
783 1270 862 1334 festo
886 1269 1076 1333 Tabernecu·

38 1446 40 1450 ι
107 1363 212 1428 lorum
236 1364 273 1428 de
296 1364 385 1429 novis
408 1365 571 1430 fructibus.

156 1461 231 1524 996.
246 1499 288 1507 -
303 1461 362 1526 ΙΙΙ.
376 1461 476 1541 Quoto
487 1460 558 1527 cero
574 1483 682 1528 eorum
698 1483 761 1527 noo
774 1468 844 1532 eret
857 1465 1074 1540 determinata,

107 1559 147 1622 ut
158 1559 255 1623 sentit
267 1561 305 1622 D.
313 1559 531 1642 Hieronymus,
545 1562 576 1624 et
592 1561 781 1626 liberaliores
794 1561 1074 1646 quadragesimam,

107 1675 146 1720 ac
160 1659 264 1722 miuus
280 1657 422 1721 liberales
446 1659 669 1742 sexagesimam
693 1658 851 1723 fructuum
868 1661 988 1741 partem
1006 1659 1074 1722 affe·

108 1755 290 1819 rebant—
314 1754 375 1818 Otr.
393 1753 507 1838 Soglia,
529 1757 649 1832 Devoti,
614 1754 850 1821 t.CDerrari

156 1854 290 1917 997.
313 1855 399 1919 Ratio
425 1855 582 1964 primitiae
606 1856 861 1936 praestandi.-
877 1855 976 1918 I.tlis
961 1857 1075 1920 treco-

109 1952 212 2032 paitio
240 1951 379 2014 diuinae
397 1949 568 2014 liberalitati
523 1953 597 2015 totis
623 1951 660 2015 ob
690 1951 812 2030 fructos
842 1973 1009 2016 concessos.
1032 1989 1076 2000 ·-—

111 2048 153 2113 H.
178 2049 341 2114 Primitiae
364 2049 395 2112 iu
419 2048 538 2113 duobus
560 2050 682 2113 casibus
713 2050 961 2209 praecipiunturb:
988 2051 1021 2112 1⁰
1045 2048 1075 2112 si

110 2146 243 2229 populus
267 2166 325 2210 usu
348 2147 501 2232 longaevo
518 2165 569 2211 eas
593 2147 756 2229 rependere
779 2147 891 2211 solitus
914 2147 973 2221 sit3
994 2148 1028 2209 2ο
1044 2145 1075 2210 Si

111 2241 255 2308 sacerdot
240 2245 287 2308 tes
311 2245 552 2330 indigeant
576 2245 633 2308 Π.Ι
666 2243 774 2324 Queat
773 2245 836 2308 itae
866 2245 1076 2326 primitiarum

110 2357 272 2422 nunquam
305 2342 366 2406 fuit
397 2343 604 2406 determinata
636 2341 695 2404 uisi
726 2361 837 2406 consue
840 2341 956 2406 tudine.
988 2341 1076 2406 Unde

109 2439 223 2504 merito
190 2438 350 2504 tOonc.
382 2440 467 2504 Pleu.
498 2441 570 2504 Am.
604 2439 664 2504 Lat
665 2440 744 2515 inae,
776 2441 835 2503 art.
867 2439 932 2502 834
963 2439 1075 2503 edixit:

115 2537 321 2615 «Primitiae,
343 2537 511 2603 secundum
534 2556 657 2602 normas
681 2557 733 2619 per
757 2537 930 2602 laudabiles
953 2556 1076 2602 consue-

110 2635 236 2700 tudines
263 2637 401 2700 statutas
425 2637 457 2700 et
480 2637 519 2700 ab
543 2637 702 2718 Episcopis
730 2636 925 2718 approbatas,
951 2635 1075 2700 omnino

109 2736 330 2798 conserventur
354 2736 448 2816 atque
466 2733 722 2816 praebeantur».

158 2832 234 2896 998.
256 2869 296 2880 -·-
325 2833 484 2898 Decimae.
511 2867 550 2878 -
576 2832 601 2894 Ι.
626 2831 775 2896 Decimae
798 2832 871 2895 sunt
893 2835 979 2894 cento
996 2849 1077 2909 pare

109 2927 271 3008 fructuum
293 2929 341 2994 cel
363 2929 454 2993 locri.
480 2929 635 2993 Dicuntur
657 2934 743 2992 certo
759 2948 850 3008 pore,
866 2946 926 2992 nou
947 2927 1074 3002 decima,

156 3189 167 3223 1
184 3190 195 3213 “
210 3191 419 3258 Eleemosynae,
430 3191 607 3254 sacrificium,
622 3193 790 3257 caeteraque
800 3175 937 3243 beneficia
947 3188 1076 3242 fidelibus

110 3298 194 3350 posse
215 3280 346 3346 prodesse
365 3279 506 3332 defunctis
531 3279 679 3332 credimus.
701 3279 889 3331 Remanentes
909 3270 939 3331 in
963 3278 1075 3331 saeculo

111 3377 140 3426 et
154 3367 206 3424 ena
221 3370 405 3438 possidentes,
420 3370 614 3436 eleemosynas
629 3374 658 3422 et
670 3373 783 3445 caetera
796 3367 932 3420 beneficia
945 3384 978 3421 ex
993 3367 1075 3420 rebus

112 3462 169 3515 suis
189 3464 315 3529 agentes,
336 3468 488 3528 praecepto
514 3459 627 3512 Domini
650 3464 795 3512 servantes
822 3457 927 3510 salvari
952 3455 1076 3510 fatemur

112 3563 140 3607 et
160 3552 308 3605 credimus.
328 3550 675 3617 Decimas,pri1uities‚ut
695 3548 852 3602 oblationes
873 3565 906 3601 ex
925 3553 1076 3616 praecepto

111 3641 225 3696 Domini
246 3639 384 3694 credimus
402 3639 514 3694 clericis
534 3637 734 3710 persolvenda-s
754 3632 866 3705 ,(Prof.
887 3637 952 3690 fidei
972 3636 1082 3702 Wald,

113 3747 234 3801 praescr.
254 3730 290 3784 ab
309 3730 405 3804 Iunco.
425 3730 485 3793 Ill).
