2758 4270
243 259 309 307 cAP.
332 261 353 306 1.
377 261 417 308 DE
440 261 541 310 REBUS
564 261 726 310 EGCIAESIAE
749 263 983 310 confortemus
1043 260 1098 316 361.

174 459 307 526 Mnarnu
323 477 445 526 mucci.
461 460 537 526 *Aru
557 461 698 528 «divitia
715 481 884 546 pauperum
897 487 915 522 »
935 461 979 546 (S.
993 462 1018 526 Ι.
1036 462 1096 528 Da·

126 560 257 642 masc.):
281 559 349 624 Aru
372 583 390 618 ‹
402 560 537 624 Domina
552 559 662 639 dulcis,
678 561 767 626 cuius
784 562 933 626 memoria
949 561 1095 626 affectum

126 655 281 748 dulcorat,
305 658 394 724 cuiue
410 659 636 742 magnitudinis
652 659 815 724 meditatio
832 661 966 724 mentem
983 659 1095 736 elevat,

126 753 217 818 curius
240 754 438 837 pulchritudo
465 755 591 820 oculum
614 756 791 822 interiorem
821 756 984 832 exhilarat,
1008 756 1095 820 cuius

126 852 329 918 amoenitatis
340 853 534 918 immensitas
546 872 597 918 cor
609 853 791 920 meditantis
802 854 962 919 inebriat»
978 853 1096 936 (S.An·

125 948 216 1014 seim.
229 949 401 1037 Lunensis).

172 1047 305 1112 Macran
318 1065 485 1114 munimen.
502 1049 616 1114 Amore
632 1051 757 1115 sanatae
773 1050 983 1134 paupertatis:
1005 1052 1095 1114 ‹Do-

125 1144 210 1210 miue
234 1145 286 1220 mi,
311 1147 359 1229 pie
382 1146 452 1210 Iesu
477 1145 609 1224 Christe,
633 1148 776 1244 miserore
800 1148 861 1212 mei
892 1149 924 1211 et
954 1148 1096 1212 dominae

124 1245 339 1326 paupertatis;
364 1264 436 1309 narn
460 1248 493 1309 et
516 1264 573 1330 ego
596 1245 662 1312 cius
685 1265 790 1310 amore
814 1246 930 1320 anxior,
955 1264 1010 1310 nce
1030 1245 1095 1310 eine

123 1342 194 1424 ipsa
217 1343 405 1424 requiescere
428 1361 554 1425 possum
571 1368 588 1402 »
618 1343 666 1425 (S.
691 1343 898 1425 Franciscus).
928 1381 970 1390 -
997 1343 1096 1407 Beati

117 1459 280 1518 pauperes
302 1441 426 1520 spiritu.
445 1439 578 1504 -Ft'lic'
599 1439 730 1506 Murice
752 1441 926 1504 imitatores
949 1442 1049 1504 eius...

175 1824 263 1892 oar.
280 1773 446 1891 infun
469 1825 700 1890 enuurrcus
723 1779 1048 1893 nocuusmsrrcrs

295 2149 374 2214 Aur.
396 2149 421 2212 Ι.
446 2147 498 2214 lic
520 2147 705 2214 Beneficus
727 2147 765 2214 ln
787 2165 926 2229 genere.

176 2311 272 2374 1041.
289 2346 328 2356 -
345 2311 608 2376 praenotandum.
620 2347 664 2358 —
676 2309 721 2372 Er
744 2309 904 2390 hucusque
927 2307 1018 2372 dictis
1035 2310 1096 2374 evi·

122 2409 235 2474 denter
265 2409 385 2472 eruitur
416 2407 499 2490 quod
530 2427 649 2490 semper
672 2407 790 2472 clericis
812 2408 863 2470 ius
886 2403 949 2484 fluit
970 2407 1095 2488 propter

122 2504 261 2570 officinm
286 2505 340 2587 (ab
363 2505 430 2587 ipso
456 2505 518 2570 Deo
543 2505 721 2570 stabilitum
744 2507 776 2570 et
799 2522 895 2568 sacrus
911 2503 1027 2568 litteris
1043 2503 1095 2567 fir-

122 2603 263 2686 matum)
286 2602 324 2666 de
346 2601 446 2666 altori
467 2602 609 2678 cicendi‚·
632 2601 744 2682 modus
768 2604 884 2678 autom,
909 2620 969 2683 qno
993 2601 1094 2664 clerici

121 2700 340 2766 ecclesiasticis
364 2701 452 2765 bouis
476 2701 623 2765 fruuntur
651 2700 785 2782 pertinet
817 2699 856 2763 ad
888 2698 1092 2780 disciplinam,

123 2817 206 2880 quae
222 2818 283 2864 nou
298 2798 359 2862 fuit
374 2797 482 2864 eadem
506 2799 590 2862 omni
614 2800 729 2862 aetate.
749 2797 802 2862 Ao
826 2797 917 2860 tuitio
941 2797 1044 2860 clerici
1060 2816 1095 2860 en

123 2897 281 2962 communi
293 2897 412 2961 aerario
430 2897 580 2961 alimenta
593 2896 796 2978 accipiebant.
804 2897 937 2960 locucio
948 2915 1027 2958 socc.
1038 2894 1094 2970 VI,

125 2993 210 3058 facta
233 2995 383 3059 honorum
407 2993 568 3071 diuisione,
593 2995 670 3058 certi
694 2993 814 3058 reditus
841 2993 1032 3076 presbyteris
1056 2992 1095 3056 ah

124 3090 276 3174 Episcopo
301 3093 331 3156 in
348 3111 439 3156 usum
456 3091 616 3156 fructuum
632 3091 888 3156 concedebantur.
905 3090 1093 3156 Huiusmodi

124 3191 343 3265 concessiones,
357 3189 511 3272 quaedam
524 3188 740 3254 beneficiorum
755 3190 919 3273 imagines,
933 3191 1095 3252 nouerant

124 3287 353 3372 propriedictc
378 3287 532 3364 beneficia,
558 3287 710 3370 siquidem
735 3287 872 3370 praedia,
901 3285 994 3350 modo
1026 3306 1093 3368 pre·

124 3386 207 3450 cario
223 3388 255 3450 et
271 3386 310 3450 ad
334 3387 425 3452 breve
441 3388 564 3468 tempus
580 3385 665 3462 data,
682 3388 782 3450 morte
798 3385 901 3448 clerici
917 3385 966 3449 vel
988 3385 1093 3466 elapso

126 3486 264 3567 tempore
288 3485 488 3550 concessionis
509 3485 549 3548 ad
565 3484 734 3550 Ecclesiam
751 3483 996 3548 revertebantur.
1008 3482 1093 3546 Poo-

127 3581 216 3646 lctim
241 3602 312 3648 vero
335 3583 527 3658 factumest,
544 3586 581 3646 ut
598 3583 691 3647 certis
707 3581 859 3646 eiusmodi
875 3582 1025 3646 bonorum
1045 3599 1093 3644 ec-

125 3681 367 3746 clesiasticorum
392 3681 534 3764 portibus
547 3699 632 3745 ¹suus
652 3681 762 3762 cuique
778 3680 892 3743 titulus
909 3681 941 3742 ct
957 3678 1092 3742 officium
