<?xml version="1.0" encoding="UTF-8"?>
<!DOCTYPE html PUBLIC "-//W3C//DTD XHTML 1.0 Transitional//EN"
    "http://www.w3.org/TR/xhtml1/DTD/xhtml1-transitional.dtd">
<html xmlns="http://www.w3.org/1999/xhtml" xml:lang="en" lang="en">
 <head>
  <title>
</title>
<meta http-equiv="Content-Type" content="text/html;charset=utf-8" />
  <meta name='ocr-system' content='tesseract 3.04.00' />
  <meta name='ocr-capabilities' content='ocr_page ocr_carea ocr_par ocr_line ocrx_word'/>
</head>
<body>
  <div class='ocr_page' id='page_1' title='image "./compendiumiuris00tutgoog_0448.png"; bbox 0 0 2812 4268; ppageno 0'>
   <div class='ocr_carea' id='block_1_1' title="bbox 463 274 1143 328">
    <p class='ocr_par' dir='ltr' id='par_1_1' title="bbox 463 274 1143 328">
     <span class='ocr_line' id='line_1_1' title="bbox 463 274 1143 328; baseline 0.009 -6"><span class='ocrx_word' id='word_1_1' title='bbox 463 275 528 322; x_wconf 78' lang='lat' dir='ltr'>CAP.</span> <span class='ocrx_word' id='word_1_2' title='bbox 552 276 583 322; x_wconf 88' lang='lat'><strong>11.</strong></span> <span class='ocrx_word' id='word_1_3' title='bbox 607 277 649 322; x_wconf 87' lang='lat' dir='ltr'><strong>DE</strong></span> <span class='ocrx_word' id='word_1_4' title='bbox 673 275 851 324; x_wconf 84' lang='lat' dir='ltr'><strong>GRIMINIBUS</strong></span> <span class='ocrx_word' id='word_1_5' title='bbox 1089 274 1143 328; x_wconf 85' lang='grc'><strong>439</strong></span> 
     </span>
    </p>
   </div>
   <div class='ocr_carea' id='block_1_2' title="bbox 173 491 1212 1059">
    <p class='ocr_par' dir='ltr' id='par_1_2' title="bbox 173 491 1143 772">
     <span class='ocr_line' id='line_1_2' title="bbox 223 491 1143 560; baseline 0.002 -2"><span class='ocrx_word' id='word_1_6' title='bbox 223 496 318 558; x_wconf 83' lang='lat'>1415.</span> <span class='ocrx_word' id='word_1_7' title='bbox 343 531 387 542; x_wconf 92' lang='lat'>-</span> <span class='ocrx_word' id='word_1_8' title='bbox 410 495 450 560; x_wconf 84' lang='grc' dir='ltr'><strong>ΙΙ.</strong></span> <span class='ocrx_word' id='word_1_9' title='bbox 479 491 606 558; x_wconf 75' lang='lat' dir='ltr'><strong>Crimen</strong></span> <span class='ocrx_word' id='word_1_10' title='bbox 631 494 733 559; x_wconf 74' lang='lat' dir='ltr'><strong>laesae</strong></span> <span class='ocrx_word' id='word_1_11' title='bbox 755 497 930 560; x_wconf 80' lang='lat' dir='ltr'><strong>maiestatis</strong></span> <span class='ocrx_word' id='word_1_12' title='bbox 953 498 1000 559; x_wconf 87' lang='lat' dir='ltr'><strong>est</strong></span> <span class='ocrx_word' id='word_1_13' title='bbox 1023 495 1143 560; x_wconf 89' lang='lat' dir='ltr'><strong>machi·</strong></span> 
     </span>
     <span class='ocr_line' id='line_1_3' title="bbox 173 585 1140 676; baseline 0 -20"><span class='ocrx_word' id='word_1_14' title='bbox 173 593 270 666; x_wconf 86' lang='lat' dir='ltr'><strong>natio,</strong></span> <span class='ocrx_word' id='word_1_15' title='bbox 294 594 358 657; x_wconf 91' lang='lat' dir='ltr'><strong>sive</strong></span> <span class='ocrx_word' id='word_1_16' title='bbox 382 593 570 675; x_wconf 80' lang='lat' dir='ltr'><strong>conspiratio</strong></span> <span class='ocrx_word' id='word_1_17' title='bbox 593 595 701 657; x_wconf 87' lang='lat' dir='ltr'><strong>contra</strong></span> <span class='ocrx_word' id='word_1_18' title='bbox 726 585 925 674; x_wconf 84' lang='lat' dir='ltr'><strong>potestatem,</strong></span> <span class='ocrx_word' id='word_1_19' title='bbox 942 593 1140 676; x_wconf 85' lang='lat' dir='ltr'><strong>dignitatem,</strong></span> 
     </span>
     <span class='ocr_line' id='line_1_4' title="bbox 174 689 916 772; baseline -0.001 -18"><span class='ocrx_word' id='word_1_20' title='bbox 174 691 231 754; x_wconf 84' lang='lat' dir='ltr'><strong>aut</strong></span> <span class='ocrx_word' id='word_1_21' title='bbox 255 691 353 754; x_wconf 87' lang='lat' dir='ltr'><strong>vitam</strong></span> <span class='ocrx_word' id='word_1_22' title='bbox 376 689 537 772; x_wconf 90' lang='lat' dir='ltr'><strong>Principis,</strong></span> <span class='ocrx_word' id='word_1_23' title='bbox 562 691 731 771; x_wconf 87' lang='lat' dir='ltr'><strong>autquasi</strong></span> <span class='ocrx_word' id='word_1_24' title='bbox 755 689 916 772; x_wconf 90' lang='lat' dir='ltr'><strong>Principis.</strong></span> 
     </span>
    </p>

    <p class='ocr_par' dir='ltr' id='par_1_3' title="bbox 175 785 1212 967">
     <span class='ocr_line' id='line_1_5' title="bbox 221 785 1143 869; baseline -0.001 -19"><span class='ocrx_word' id='word_1_25' title='bbox 221 787 447 850; x_wconf 75' lang='lat' dir='ltr'><strong>illo-111.</strong></span> <span class='ocrx_word' id='word_1_26' title='bbox 471 787 574 852; x_wconf 88' lang='lat' dir='ltr'><strong>Poena</strong></span> <span class='ocrx_word' id='word_1_27' title='bbox 599 785 709 851; x_wconf 74' lang='lat' dir='ltr'><strong>Clerici</strong></span> <span class='ocrx_word' id='word_1_28' title='bbox 733 788 901 852; x_wconf 79' lang='lat' dir='ltr'><strong>incestuosi</strong></span> <span class='ocrx_word' id='word_1_29' title='bbox 925 789 973 852; x_wconf 88' lang='lat' dir='ltr'><strong>est</strong></span> <span class='ocrx_word' id='word_1_30' title='bbox 989 787 1143 869; x_wconf 78' lang='lat' dir='ltr'><strong>depositio</strong></span> 
     </span>
     <span class='ocr_line' id='line_1_6' title="bbox 175 885 1212 967; baseline 0.003 -19"><span class='ocrx_word' id='word_1_31' title='bbox 175 885 330 967; x_wconf 84' lang='lat' dir='ltr'><strong>(ferendae</strong></span> <span class='ocrx_word' id='word_1_32' title='bbox 352 885 550 967; x_wconf 80' lang='lat' dir='ltr'><strong>sententiae).</strong></span> <span class='ocrx_word' id='word_1_33' title='bbox 1210 899 1212 903; x_wconf 82' lang='grc'><strong>“</strong></span> 
     </span>
    </p>

    <p class='ocr_par' dir='ltr' id='par_1_4' title="bbox 222 982 1027 1059">
     <span class='ocr_line' id='line_1_7' title="bbox 222 982 1027 1059; baseline 0 -14"><span class='ocrx_word' id='word_1_34' title='bbox 222 982 318 1046; x_wconf 87' lang='grc'><strong>1417.</strong></span> <span class='ocrx_word' id='word_1_35' title='bbox 342 1019 382 1030; x_wconf 91' lang='lat'>-</span> <span class='ocrx_word' id='word_1_36' title='bbox 410 982 545 1047; x_wconf 80' lang='lat' dir='ltr'><strong>Clericus</strong></span> <span class='ocrx_word' id='word_1_37' title='bbox 569 983 726 1048; x_wconf 84' lang='lat' dir='ltr'><strong>sodomita</strong></span> <span class='ocrx_word' id='word_1_38' title='bbox 750 983 787 1046; x_wconf 88' lang='lat' dir='ltr'><strong>fit</strong></span> <span class='ocrx_word' id='word_1_39' title='bbox 810 983 944 1059; x_wconf 90' lang='lat' dir='ltr'><strong>infamis,</strong></span> <span class='ocrx_word' id='word_1_40' title='bbox 969 986 1027 1048; x_wconf 86' lang='lat' dir='ltr'><strong>etc.</strong></span> 
     </span>
    </p>
   </div>
   <div class='ocr_carea' id='block_1_3' title="bbox 491 1141 824 1234">
    <p class='ocr_par' dir='ltr' id='par_1_5' title="bbox 491 1141 824 1234">
     <span class='ocr_line' id='line_1_8' title="bbox 491 1141 824 1234; baseline 0 -11"><span class='ocrx_word' id='word_1_41' title='bbox 491 1141 649 1234; x_wconf 78' lang='lat' dir='ltr'><strong>asemas</strong></span> <span class='ocrx_word' id='word_1_42' title='bbox 669 1169 824 1223; x_wconf 77' lang='lat' dir='ltr'><strong>animan.</strong></span> 
     </span>
    </p>
   </div>
   <div class='ocr_carea' id='block_1_4' title="bbox 114 1299 1172 1882">
    <p class='ocr_par' dir='ltr' id='par_1_6' title="bbox 114 1299 1172 1691">
     <span class='ocr_line' id='line_1_9' title="bbox 220 1299 1172 1393; baseline -0.001 -17"><span class='ocrx_word' id='word_1_43' title='bbox 220 1313 353 1378; x_wconf 76' lang='lat' dir='ltr'><strong>Manum</strong></span> <span class='ocrx_word' id='word_1_44' title='bbox 376 1329 494 1377; x_wconf 79' lang='lat' dir='ltr'><strong>ooomn.</strong></span> <span class='ocrx_word' id='word_1_45' title='bbox 519 1313 555 1374; x_wconf 94' lang='lat' dir='ltr'><strong>In</strong></span> <span class='ocrx_word' id='word_1_46' title='bbox 579 1311 681 1375; x_wconf 90' lang='lat' dir='ltr'><strong>Maria</strong></span> <span class='ocrx_word' id='word_1_47' title='bbox 715 1311 890 1375; x_wconf 81' lang='lat' dir='ltr'><strong>invenimus</strong></span> <span class='ocrx_word' id='word_1_48' title='bbox 917 1336 934 1369; x_wconf 84' lang='grc'>«</span> <span class='ocrx_word' id='word_1_49' title='bbox 958 1299 1172 1393; x_wconf 48' lang='lat' dir='ltr'><strong>propitiato?</strong></span> 
     </span>
     <span class='ocr_line' id='line_1_10' title="bbox 114 1408 1143 1492; baseline -0.003 -17"><span class='ocrx_word' id='word_1_50' title='bbox 114 1419 117 1425; x_wconf 85' lang='grc'><em>“</em></span> <span class='ocrx_word' id='word_1_51' title='bbox 175 1412 256 1475; x_wconf 88' lang='lat' dir='ltr'><strong>rium</strong></span> <span class='ocrx_word' id='word_1_52' title='bbox 280 1411 576 1492; x_wconf 76' lang='lat' dir='ltr'><strong>nostrum-eripiens</strong></span> <span class='ocrx_word' id='word_1_53' title='bbox 599 1427 655 1472; x_wconf 88' lang='lat' dir='ltr'><strong>nos</strong></span> <span class='ocrx_word' id='word_1_54' title='bbox 678 1429 697 1472; x_wconf 92' lang='lat' dir='ltr'><strong>a</strong></span> <span class='ocrx_word' id='word_1_55' title='bbox 720 1409 835 1472; x_wconf 87' lang='lat' dir='ltr'><strong>futuris</strong></span> <span class='ocrx_word' id='word_1_56' title='bbox 858 1408 1048 1473; x_wconf 83' lang='lat' dir='ltr'><strong>terribilibus</strong></span> <span class='ocrx_word' id='word_1_57' title='bbox 1072 1428 1143 1492; x_wconf 84' lang='lat' dir='ltr'><strong>sup</strong></span> 
     </span>
     <span class='ocr_line' id='line_1_11' title="bbox 175 1505 1143 1591; baseline -0.001 -19"><span class='ocrx_word' id='word_1_58' title='bbox 175 1508 285 1591; x_wconf 85' lang='lat' dir='ltr'><strong>pliciis,</strong></span> <span class='ocrx_word' id='word_1_59' title='bbox 317 1510 349 1572; x_wconf 88' lang='lat' dir='ltr'><strong>et</strong></span> <span class='ocrx_word' id='word_1_60' title='bbox 378 1507 511 1571; x_wconf 90' lang='lat' dir='ltr'><strong>liberans</strong></span> <span class='ocrx_word' id='word_1_61' title='bbox 543 1525 599 1571; x_wconf 86' lang='lat' dir='ltr'><strong>uos</strong></span> <span class='ocrx_word' id='word_1_62' title='bbox 622 1507 661 1569; x_wconf 91' lang='lat' dir='ltr'><strong>ab</strong></span> <span class='ocrx_word' id='word_1_63' title='bbox 685 1507 827 1570; x_wconf 84' lang='lat' dir='ltr'><strong>omnibus</strong></span> <span class='ocrx_word' id='word_1_64' title='bbox 850 1506 942 1570; x_wconf 87' lang='lat' dir='ltr'><strong>minis</strong></span> <span class='ocrx_word' id='word_1_65' title='bbox 965 1507 996 1570; x_wconf 89' lang='lat' dir='ltr'><strong>et</strong></span> <span class='ocrx_word' id='word_1_66' title='bbox 1020 1505 1143 1571; x_wconf 85' lang='lat' dir='ltr'><strong>insidiis</strong></span> 
     </span>
     <span class='ocr_line' id='line_1_12' title="bbox 174 1602 1141 1691; baseline -0.001 -23"><span class='ocrx_word' id='word_1_67' title='bbox 174 1606 312 1670; x_wconf 88' lang='lat' dir='ltr'><strong>hostium</strong></span> <span class='ocrx_word' id='word_1_68' title='bbox 330 1605 511 1678; x_wconf 85' lang='lat' dir='ltr'><strong>visibilium,</strong></span> <span class='ocrx_word' id='word_1_69' title='bbox 525 1606 556 1668; x_wconf 91' lang='lat' dir='ltr'><strong>et</strong></span> <span class='ocrx_word' id='word_1_70' title='bbox 572 1603 801 1668; x_wconf 82' lang='lat' dir='ltr'><strong>invisibilium»</strong></span> <span class='ocrx_word' id='word_1_71' title='bbox 815 1605 859 1686; x_wconf 81' lang='lat' dir='ltr'><strong>(S.</strong></span> <span class='ocrx_word' id='word_1_72' title='bbox 870 1605 954 1668; x_wconf 75' lang='lat' dir='ltr'><strong>loon:</strong></span> <span class='ocrx_word' id='word_1_73' title='bbox 968 1602 1141 1691; x_wconf 68' lang='lat' dir='ltr'><strong>Damam).</strong></span> 
     </span>
    </p>

    <p class='ocr_par' dir='ltr' id='par_1_7' title="bbox 172 1699 1143 1882">
     <span class='ocr_line' id='line_1_13' title="bbox 219 1699 1143 1784; baseline -0.002 -18"><span class='ocrx_word' id='word_1_74' title='bbox 219 1703 352 1768; x_wconf 80' lang='lat' dir='ltr'><strong>illamam</strong></span> <span class='ocrx_word' id='word_1_75' title='bbox 375 1720 495 1767; x_wconf 81' lang='lat' dir='ltr'><strong>mvooa.</strong></span> <span class='ocrx_word' id='word_1_76' title='bbox 520 1701 674 1766; x_wconf 88' lang='lat' dir='ltr'><strong>OMaria!</strong></span> <span class='ocrx_word' id='word_1_77' title='bbox 699 1701 789 1766; x_wconf 86' lang='lat' dir='ltr'><strong>Solve</strong></span> <span class='ocrx_word' id='word_1_78' title='bbox 814 1702 915 1765; x_wconf 93' lang='lat' dir='ltr'><strong>vincla</strong></span> <span class='ocrx_word' id='word_1_79' title='bbox 938 1703 1015 1766; x_wconf 89' lang='lat' dir='ltr'><strong>reis:</strong></span> <span class='ocrx_word' id='word_1_80' title='bbox 1040 1699 1143 1784; x_wconf 86' lang='lat' dir='ltr'><strong>profer</strong></span> 
     </span>
     <span class='ocr_line' id='line_1_14' title="bbox 172 1799 1140 1882; baseline -0.002 -18"><span class='ocrx_word' id='word_1_81' title='bbox 172 1801 278 1865; x_wconf 89' lang='lat' dir='ltr'><strong>lumen</strong></span> <span class='ocrx_word' id='word_1_82' title='bbox 301 1801 417 1865; x_wconf 88' lang='lat' dir='ltr'><strong>caecis:</strong></span> <span class='ocrx_word' id='word_1_83' title='bbox 441 1801 525 1864; x_wconf 89' lang='lat' dir='ltr'><strong>mala</strong></span> <span class='ocrx_word' id='word_1_84' title='bbox 549 1803 654 1864; x_wconf 87' lang='lat' dir='ltr'><strong>nostra</strong></span> <span class='ocrx_word' id='word_1_85' title='bbox 678 1799 777 1882; x_wconf 90' lang='lat' dir='ltr'><strong>pelle:</strong></span> <span class='ocrx_word' id='word_1_86' title='bbox 803 1799 882 1864; x_wconf 90' lang='lat' dir='ltr'><strong>bona</strong></span> <span class='ocrx_word' id='word_1_87' title='bbox 905 1801 1016 1864; x_wconf 87' lang='lat' dir='ltr'><strong>cuncta</strong></span> <span class='ocrx_word' id='word_1_88' title='bbox 1042 1817 1140 1882; x_wconf 83' lang='lat' dir='ltr'><strong>posce.</strong></span> 
     </span>
    </p>
   </div>
   <div class='ocr_carea' id='block_1_5' title="bbox 74 1891 1241 2078">
    <p class='ocr_par' dir='ltr' id='par_1_8' title="bbox 74 1891 1241 2078">
     <span class='ocr_line' id='line_1_15' title="bbox 74 1891 285 1962; baseline -0.005 -1"><span class='ocrx_word' id='word_1_89' title='bbox 74 1891 76 1896; x_wconf 70' lang='grc'><strong>’</strong></span> <span class='ocrx_word' id='word_1_90' title='bbox 175 1897 285 1962; x_wconf 86' lang='lat' dir='ltr'><strong>Amen.</strong></span> 
     </span>
     <span class='ocr_line' id='line_1_16' title="bbox 216 1995 1241 2078; baseline -0.002 -18"><span class='ocrx_word' id='word_1_91' title='bbox 216 1995 349 2060; x_wconf 78' lang='lat' dir='ltr'><strong>Macran</strong></span> <span class='ocrx_word' id='word_1_92' title='bbox 364 2013 532 2061; x_wconf 71' lang='lat' dir='ltr'><strong>nausimus.</strong></span> <span class='ocrx_word' id='word_1_93' title='bbox 550 1995 764 2061; x_wconf 89' lang='lat' dir='ltr'><strong>Detestatione</strong></span> <span class='ocrx_word' id='word_1_94' title='bbox 786 1995 915 2078; x_wconf 87' lang='lat' dir='ltr'><strong>pcccati,</strong></span> <span class='ocrx_word' id='word_1_95' title='bbox 936 1997 1031 2060; x_wconf 88' lang='lat' dir='ltr'><strong>etiam</strong></span> <span class='ocrx_word' id='word_1_96' title='bbox 1049 1995 1140 2060; x_wconf 85' lang='lat' dir='ltr'><strong>levis·</strong></span> <span class='ocrx_word' id='word_1_97' title='bbox 1239 2063 1241 2075; x_wconf 61' lang='grc'>,</span> 
     </span>
    </p>
   </div>
   <div class='ocr_carea' id='block_1_6' title="bbox 172 2091 897 2158">
    <p class='ocr_par' dir='ltr' id='par_1_9' title="bbox 172 2091 897 2158">
     <span class='ocr_line' id='line_1_17' title="bbox 172 2091 897 2158; baseline -0.001 -1"><span class='ocrx_word' id='word_1_98' title='bbox 172 2093 254 2158; x_wconf 85' lang='lat' dir='ltr'><strong>simi.</strong></span> <span class='ocrx_word' id='word_1_99' title='bbox 279 2128 322 2140; x_wconf 92' lang='lat'>-</span> <span class='ocrx_word' id='word_1_100' title='bbox 345 2091 426 2156; x_wconf 66' lang='lat' dir='ltr'><strong>Filo</strong></span> <span class='ocrx_word' id='word_1_101' title='bbox 448 2093 579 2157; x_wconf 82' lang='lat' dir='ltr'><strong>Murice</strong></span> <span class='ocrx_word' id='word_1_102' title='bbox 602 2094 775 2157; x_wconf 79' lang='lat' dir='ltr'><strong>imitatores</strong></span> <span class='ocrx_word' id='word_1_103' title='bbox 799 2095 897 2158; x_wconf 81' lang='lat' dir='ltr'><strong>cicc...</strong></span> 
     </span>
    </p>
   </div>
   <div class='ocr_carea' id='block_1_7' title="bbox 240 2471 1070 2564">
    <p class='ocr_par' dir='ltr' id='par_1_10' title="bbox 240 2471 1070 2564">
     <span class='ocr_line' id='line_1_18' title="bbox 240 2471 1070 2564; baseline 0.002 -2"><span class='ocrx_word' id='word_1_104' title='bbox 240 2471 328 2562; x_wconf 79' lang='lat' dir='ltr'><strong>one.</strong></span> <span class='ocrx_word' id='word_1_105' title='bbox 351 2497 407 2560; x_wconf 90' lang='lat' dir='ltr'><strong>m.</strong></span> <span class='ocrx_word' id='word_1_106' title='bbox 431 2491 552 2561; x_wconf 86' lang='lat' dir='ltr'><strong>-nn</strong></span> <span class='ocrx_word' id='word_1_107' title='bbox 577 2496 731 2562; x_wconf 79' lang='lat' dir='ltr'><strong>Ponms</strong></span> <span class='ocrx_word' id='word_1_108' title='bbox 746 2497 1070 2564; x_wconf 80' lang='lat' dir='ltr'><strong>neonusmsnrors</strong></span> 
     </span>
    </p>
   </div>
   <div class='ocr_carea' id='block_1_8' title="bbox 141 2827 1093 2923">
    <p class='ocr_par' dir='ltr' id='par_1_11' title="bbox 141 2827 1093 2923">
     <span class='ocr_line' id='line_1_19' title="bbox 141 2827 1093 2923; baseline 0.006 -22"><span class='ocrx_word' id='word_1_109' title='bbox 141 2827 142 2831; x_wconf 65' lang='grc'>’</span> <span class='ocrx_word' id='word_1_110' title='bbox 217 2839 295 2903; x_wconf 85' lang='lat' dir='ltr'><strong>Aav.</strong></span> <span class='ocrx_word' id='word_1_111' title='bbox 319 2841 344 2902; x_wconf 93' lang='lat' dir='ltr'><strong>l.</strong></span> <span class='ocrx_word' id='word_1_112' title='bbox 377 2829 440 2906; x_wconf 84' lang='lat' dir='ltr'><strong>lle</strong></span> <span class='ocrx_word' id='word_1_113' title='bbox 458 2841 579 2923; x_wconf 89' lang='lat' dir='ltr'><strong>poenis</strong></span> <span class='ocrx_word' id='word_1_114' title='bbox 610 2841 854 2908; x_wconf 88' lang='lat' dir='ltr'><strong>ecclesiasticis</strong></span> <span class='ocrx_word' id='word_1_115' title='bbox 883 2842 1093 2923; x_wconf 84' lang='lat' dir='ltr'><strong>generatim.</strong></span> 
     </span>
    </p>
   </div>
   <div class='ocr_carea' id='block_1_9' title="bbox 89 3011 1230 3678">
    <p class='ocr_par' dir='ltr' id='par_1_12' title="bbox 89 3011 1230 3678">
     <span class='ocr_line' id='line_1_20' title="bbox 221 3011 1139 3093; baseline 0.003 -20"><span class='ocrx_word' id='word_1_116' title='bbox 221 3011 316 3074; x_wconf 84' lang='grc'>1418.</span> <span class='ocrx_word' id='word_1_117' title='bbox 342 3048 382 3058; x_wconf 91' lang='grc'><strong>-</strong></span> <span class='ocrx_word' id='word_1_118' title='bbox 398 3013 503 3077; x_wconf 80' lang='lat' dir='ltr'><strong>Poena</strong></span> <span class='ocrx_word' id='word_1_119' title='bbox 528 3013 755 3078; x_wconf 80' lang='lat' dir='ltr'><strong>ecclesiastica</strong></span> <span class='ocrx_word' id='word_1_120' title='bbox 779 3019 824 3077; x_wconf 78' lang='lat' dir='ltr'><strong>est</strong></span> <span class='ocrx_word' id='word_1_121' title='bbox 846 3013 1065 3093; x_wconf 71' lang='lat' dir='ltr'><strong>delinquentis,</strong></span> <span class='ocrx_word' id='word_1_122' title='bbox 1081 3018 1139 3076; x_wconf 80' lang='lat' dir='ltr'><strong>cot</strong></span> 
     </span>
     <span class='ocr_line' id='line_1_21' title="bbox 172 3107 1137 3192; baseline 0.003 -20"><span class='ocrx_word' id='word_1_123' title='bbox 172 3107 279 3172; x_wconf 78' lang='lat' dir='ltr'><strong>delicti</strong></span> <span class='ocrx_word' id='word_1_124' title='bbox 300 3110 441 3173; x_wconf 75' lang='lat' dir='ltr'><strong>coercitio</strong></span> <span class='ocrx_word' id='word_1_125' title='bbox 464 3109 504 3172; x_wconf 86' lang='lat' dir='ltr'><strong>ab</strong></span> <span class='ocrx_word' id='word_1_126' title='bbox 527 3109 670 3173; x_wconf 78' lang='lat' dir='ltr'><strong>Ecclesia</strong></span> <span class='ocrx_word' id='word_1_127' title='bbox 689 3131 748 3190; x_wconf 81' lang='lat' dir='ltr'><strong>pov</strong></span> <span class='ocrx_word' id='word_1_128' title='bbox 771 3131 914 3188; x_wconf 79' lang='lat' dir='ltr'><strong>conones,</strong></span> <span class='ocrx_word' id='word_1_129' title='bbox 938 3117 995 3174; x_wconf 80' lang='lat' dir='ltr'><strong>acl</strong></span> <span class='ocrx_word' id='word_1_130' title='bbox 1016 3115 1137 3192; x_wconf 80' lang='lat' dir='ltr'><strong>opole-</strong></span> 
     </span>
     <span class='ocr_line' id='line_1_22' title="bbox 172 3206 1137 3286; baseline 0.004 -17"><span class='ocrx_word' id='word_1_131' title='bbox 172 3209 252 3269; x_wconf 80' lang='lat' dir='ltr'><strong>stote</strong></span> <span class='ocrx_word' id='word_1_132' title='bbox 276 3206 483 3270; x_wconf 78' lang='lat' dir='ltr'><strong>ecclesiastico</strong></span> <span class='ocrx_word' id='word_1_133' title='bbox 505 3209 673 3274; x_wconf 80' lang='lat' dir='ltr'><strong>secuudum</strong></span> <span class='ocrx_word' id='word_1_134' title='bbox 695 3229 829 3273; x_wconf 77' lang='lat' dir='ltr'><strong>canones</strong></span> <span class='ocrx_word' id='word_1_135' title='bbox 844 3209 930 3286; x_wconf 81' lang='lat' dir='ltr'><strong>dato,</strong></span> <span class='ocrx_word' id='word_1_136' title='bbox 946 3211 1137 3273; x_wconf 81' lang='lat' dir='ltr'><strong>oclcommi-</strong></span> 
     </span>
     <span class='ocr_line' id='line_1_23' title="bbox 172 3295 1230 3401; baseline 0.006 -35"><span class='ocrx_word' id='word_1_137' title='bbox 172 3309 259 3366; x_wconf 77' lang='lat' dir='ltr'><strong>melo.</strong></span> <span class='ocrx_word' id='word_1_138' title='bbox 283 3295 339 3368; x_wconf 84' lang='lat' dir='ltr'><strong>Est</strong></span> <span class='ocrx_word' id='word_1_139' title='bbox 373 3306 609 3382; x_wconf 67' lang='lat' dir='ltr'><strong>Poonamounis,</strong></span> <span class='ocrx_word' id='word_1_140' title='bbox 642 3307 690 3370; x_wconf 91' lang='lat' dir='ltr'><strong>vel</strong></span> <span class='ocrx_word' id='word_1_141' title='bbox 712 3308 846 3386; x_wconf 82' lang='lat' dir='ltr'><strong>proprio</strong></span> <span class='ocrx_word' id='word_1_142' title='bbox 877 3306 1066 3381; x_wconf 75' lang='lat' dir='ltr'><strong>clericorum,</strong></span> <span class='ocrx_word' id='word_1_143' title='bbox 1100 3309 1137 3371; x_wconf 87' lang='lat' dir='ltr'><strong>ut</strong></span> <span class='ocrx_word' id='word_1_144' title='bbox 1220 3381 1230 3401; x_wconf 44' lang='lat'><strong>·</strong></span> 
     </span>
     <span class='ocr_line' id='line_1_24' title="bbox 89 3402 1135 3487; baseline 0.005 -23"><span class='ocrx_word' id='word_1_145' title='bbox 89 3447 92 3455; x_wconf 82' lang='grc'>.</span> <span class='ocrx_word' id='word_1_146' title='bbox 171 3402 348 3483; x_wconf 80' lang='lat' dir='ltr'><strong>suspensi03</strong></span> <span class='ocrx_word' id='word_1_147' title='bbox 373 3403 408 3464; x_wconf 85' lang='lat'><strong>2⁰</strong></span> <span class='ocrx_word' id='word_1_148' title='bbox 430 3403 609 3481; x_wconf 70' lang='lat' dir='ltr'><strong>spiritualis</strong></span> <span class='ocrx_word' id='word_1_149' title='bbox 632 3421 686 3468; x_wconf 86' lang='lat' dir='ltr'><strong>seu</strong></span> <span class='ocrx_word' id='word_1_150' title='bbox 710 3405 835 3487; x_wconf 89' lang='lat' dir='ltr'><strong>privans</strong></span> <span class='ocrx_word' id='word_1_151' title='bbox 859 3405 937 3470; x_wconf 88' lang='lat' dir='ltr'><strong>bono</strong></span> <span class='ocrx_word' id='word_1_152' title='bbox 969 3405 1135 3487; x_wconf 85' lang='lat' dir='ltr'><strong>spirituali,</strong></span> 
     </span>
     <span class='ocr_line' id='line_1_25' title="bbox 169 3498 1136 3579; baseline 0.004 -18"><span class='ocrx_word' id='word_1_153' title='bbox 169 3498 220 3562; x_wconf 86' lang='lat' dir='ltr'><strong>vol</strong></span> <span class='ocrx_word' id='word_1_154' title='bbox 244 3498 443 3578; x_wconf 58' lang='lat' dir='ltr'><strong>temporalis·</strong></span> <span class='ocrx_word' id='word_1_155' title='bbox 467 3501 502 3563; x_wconf 78' lang='grc' dir='ltr'><strong>3ο</strong></span> <span class='ocrx_word' id='word_1_156' title='bbox 525 3501 690 3564; x_wconf 77' lang='lat' dir='ltr'><strong>ordinaria</strong></span> <span class='ocrx_word' id='word_1_157' title='bbox 706 3521 790 3565; x_wconf 89' lang='lat' dir='ltr'><strong>seua</strong></span> <span class='ocrx_word' id='word_1_158' title='bbox 807 3502 883 3579; x_wconf 89' lang='lat' dir='ltr'><strong>iure,</strong></span> <span class='ocrx_word' id='word_1_159' title='bbox 900 3503 950 3567; x_wconf 89' lang='lat' dir='ltr'><strong>vel</strong></span> <span class='ocrx_word' id='word_1_160' title='bbox 965 3502 1136 3566; x_wconf 75' lang='lat' dir='ltr'><strong>extraordi-</strong></span> 
     </span>
     <span class='ocr_line' id='line_1_26' title="bbox 170 3597 1136 3678; baseline 0.01 -21"><span class='ocrx_word' id='word_1_161' title='bbox 170 3597 265 3662; x_wconf 77' lang='lat' dir='ltr'><strong>narie</strong></span> <span class='ocrx_word' id='word_1_162' title='bbox 288 3615 342 3662; x_wconf 86' lang='lat' dir='ltr'><strong>eeu</strong></span> <span class='ocrx_word' id='word_1_163' title='bbox 366 3597 405 3662; x_wconf 89' lang='lat' dir='ltr'><strong>ab</strong></span> <span class='ocrx_word' id='word_1_164' title='bbox 421 3597 559 3674; x_wconf 69' lang='lat' dir='ltr'><strong>hominm</strong></span> <span class='ocrx_word' id='word_1_165' title='bbox 574 3600 610 3660; x_wconf 93' lang='grc'><strong>40</strong></span> <span class='ocrx_word' id='word_1_166' title='bbox 624 3598 716 3674; x_wconf 82' lang='lat' dir='ltr'><strong>lotoe,</strong></span> <span class='ocrx_word' id='word_1_167' title='bbox 731 3599 779 3664; x_wconf 85' lang='lat' dir='ltr'><strong>val</strong></span> <span class='ocrx_word' id='word_1_168' title='bbox 795 3597 942 3678; x_wconf 73' lang='lat' dir='ltr'><strong>pbreodoc</strong></span> <span class='ocrx_word' id='word_1_169' title='bbox 965 3601 1136 3668; x_wconf 88' lang='lat' dir='ltr'><strong>sententiae</strong></span> 
     </span>
    </p>
   </div>
   <div class='ocr_carea' id='block_1_10' title="bbox 170 3692 1134 3779">
    <p class='ocr_par' dir='ltr' id='par_1_13' title="bbox 170 3692 1134 3779">
     <span class='ocr_line' id='line_1_27' title="bbox 170 3692 1134 3779; baseline 0.006 -22"><span class='ocrx_word' id='word_1_170' title='bbox 170 3692 239 3774; x_wconf 86' lang='lat' dir='ltr'><strong>(seu</strong></span> <span class='ocrx_word' id='word_1_171' title='bbox 262 3695 485 3779; x_wconf 87' lang='lat' dir='ltr'><strong>comminata);</strong></span> <span class='ocrx_word' id='word_1_172' title='bbox 510 3696 545 3758; x_wconf 82' lang='lat'><strong>5⁰</strong></span> <span class='ocrx_word' id='word_1_173' title='bbox 562 3695 759 3760; x_wconf 74' lang='lat' dir='ltr'><strong>medicinalis</strong></span> <span class='ocrx_word' id='word_1_174' title='bbox 782 3697 831 3760; x_wconf 91' lang='lat' dir='ltr'><strong>vel</strong></span> <span class='ocrx_word' id='word_1_175' title='bbox 854 3697 1076 3762; x_wconf 74' lang='lat' dir='ltr'><strong>medicativa...</strong></span> <span class='ocrx_word' id='word_1_176' title='bbox 1099 3735 1134 3746; x_wconf 45' lang='grc' dir='ltr'><strong>ι·</strong></span> 
     </span>
    </p>
   </div>
   <div class='ocr_carea' id='block_1_11' title="bbox 0 0 1410 4268">
    <p class='ocr_par' dir='ltr' id='par_1_14' title="bbox 0 0 1410 4268">
     <span class='ocr_line' id='line_1_28' title="bbox 0 0 1410 4268; baseline 0 2"><span class='ocrx_word' id='word_1_177' title='bbox 0 0 1410 4268; x_wconf 95' lang='lat' dir='ltr'><strong> </strong></span> 
     </span>
    </p>
   </div>
  </div>
 </body>
</html>
