2750 4270
329 261 394 309 cle.
418 263 461 309 111.
485 263 525 310 DE
549 263 759 310 Emscoeouc'n
783 264 946 312 calamos.
1066 262 1116 316 185

136 457 216 519 tum
248 455 439 530 relicturam,
469 457 506 518 nt
537 474 643 520 omnes
667 455 703 518 de
734 456 815 520 clero
839 455 897 519 tibi
928 456 1114 532 concredito,

135 553 345 618 aemulentur
379 553 567 618 charismata
602 553 741 626 meliora,
778 555 899 618 terrena
933 553 1114 635 despiciant,

136 653 254 715 ament
269 651 425 728 eoelestia,
442 653 473 715 et
496 651 616 714 nonnisi
633 651 664 716 in
680 670 768 714 cruce
783 651 822 714 D.
843 651 882 714 N.
907 651 976 715 lesu
999 650 1115 716 Christi

134 748 329 831 glorientur.
353 747 399 811 Ne
423 766 494 811 vero
508 749 538 810 in
563 751 720 829 posterum
738 750 769 810 et
785 748 977 831 dignioribus
1001 749 1114 812 iniuria

135 844 213 921 fiat,
238 847 271 908 et
294 846 422 909 honores
445 845 643 909 ecelesiastici
656 846 815 920 vilescant,
833 847 892 928 ipsi
908 845 976 910 Em.
995 845 1113 920 Patres,

137 943 343 1007 Sanctissimi
371 943 519 1007 mandata
549 946 741 1025 exequentes
773 945 913 1007 auctores
940 945 998 1008 tibi
1029 947 1112 1019 sunt,

134 1043 183 1104 ut
211 1061 282 1105 raro
313 1041 480 1105 admodum
511 1042 543 1105 et
573 1043 663 1104 caute
694 1041 818 1106 honoris
846 1042 959 1105 titulos
989 1041 1036 1104 vel
1067 1042 1112 1104 in-

134 1139 249 1222 signia
274 1139 390 1202 clericis
414 1139 478 1203 tuis
501 1138 672 1220 impertias,
701 1139 754 1202 sed
785 1140 1012 1220 probatissimis
1043 1141 1112 1202 tan-

135 1236 217 1298 tum
233 1238 266 1298 et
281 1237 396 1318 optime
412 1236 449 1298 de
473 1236 608 1299 Ecclesia
624 1237 761 1311 meritis3
786 1236 904 1300 clericis
920 1255 991 1301 vero
1004 1235 1112 1300 alienis

135 1333 269 1396 nullum
293 1352 430 1414 unquam
454 1333 590 1397 conferas
613 1333 876 1418 bonorissignum
900 1334 946 1397 vel
970 1334 1110 1407 titulum,

135 1431 244 1495 inscio
268 1434 299 1494 et
315 1431 413 1494 inrito
429 1429 604 1506 Ordinario,
617 1432 704 1494 cuius
720 1432 870 1513 potestati
894 1431 1068 1496 subduntur
1080 1455 1111 1493 ».

138 1528 190 1614 (S.
220 1529 253 1593 C.
278 1527 322 1605 0.,
349 1530 389 1592 16
414 1529 498 1610 Sept.
525 1529 634 1610 1884).

189 1627 269 1690 538.
298 1665 332 1672 -
352 1627 455 1692 Varia.
475 1663 515 1673 —
532 1627 557 1690 1.
586 1651 603 1684 «
620 1627 742 1710 Dogma
758 1627 947 1690 catholicum
964 1629 1011 1690 est
1033 1625 1113 1707 Apo

140 1752 161 1784 ‹
180 1726 283 1789 stolos
317 1725 443 1789 tametsi
477 1725 722 1790 extraordinaria
753 1725 911 1808 praeditos
946 1727 1111 1808 potestate,

139 1849 160 1884 ‹
179 1843 273 1906 quae,
291 1823 365 1886 data
378 1824 524 1905 personis,
541 1842 611 1886 cum
628 1824 703 1905 ipsis
720 1824 858 1905 personis
874 1823 1004 1898 interiit,
1017 1823 1112 1887 fuisse

139 1947 160 1981 ‹
180 1921 278 1984 Petro
294 1921 458 1995 subiectos,
472 1939 562 2001 quem
580 1920 680 1984 solum
694 1920 852 2002 Apostolis
868 1938 1007 2002 praeesse
1024 1919 1113 1983 Chri·

139 2045 160 2079 ‹
179 2019 253 2084 stus
275 2018 377 2094 iussit,
401 2020 433 2080 et
456 2017 580 2080 subesse
610 2017 796 2098 plenitudini
828 2019 997 2100 potestatis
1024 2017 1114 2080 Rom.

139 2143 159 2177 e
177 2115 344 2181 Pontificis
361 2117 454 2199 (quod
471 2115 570 2180 veluti
587 2115 742 2179 ordinaria
759 2116 788 2179 in
806 2117 910 2190 Petro,
934 2116 980 2179 ita
997 2115 1028 2178 in
1048 2115 1114 2178 eius

138 2241 159 2275 ‹
178 2213 408 2279 successoribus
440 2213 596 2277 ordinaria
628 2214 689 2296 est)
722 2232 828 2278 omnes
859 2213 1034 2294 EpiscopoS,
1059 2213 1111 2293 qui

140 2337 160 2372 ι
178 2311 427 2376 extraordinaria
443 2312 599 2392 potestate
615 2310 836 2391 Apostolorum
861 2309 1076 2374 destituuntur
1091 2333 1108 2368 >

138 2409 235 2496 (Pius
259 2409 313 2486 Vl,
337 2429 386 2491 ap.
412 2408 521 2483 Bouir‚
546 2409 583 2472 de
607 2407 771 2487 Episemou,
796 2429 824 2490 p.
852 2408 894 2488 1).

189 2507 265 2570 539.
291 2543 333 2552 —
358 2506 398 2569 ll.
422 2507 450 2569 A
474 2523 603 2582 oneum
626 2523 733 2569 aurun
763 2522 1013 2570 ronrsoromonnu
1044 2505 1111 2569 Em-

136 2621 228 2670 scoel
251 2621 421 2668 sociemur.
438 2601 501 2667 Alii
518 2603 626 2666 dieunt
641 2605 774 2684 recipere
788 2604 1001 2666 immediatae
1021 2599 1110 2666 Olmi-

136 2707 202 2779 stc,
227 2703 299 2784 quia
323 2703 361 2766 ab
386 2703 452 2784 ipso
475 2703 523 2765 est
546 2701 685 2786 dignitas
708 2704 739 2764 et
773 2701 909 2766 officium
939 2702 1110 2783 episcopale

137 2799 324 2866 immediate
336 2799 533 2863 institutum:
547 2797 592 2862 ita
608 2798 757 2880 Vasquez.
772 2799 845 2862 Atii
855 2819 925 2862 eom
934 2797 978 2862 1).
994 2798 1111 2861 Tboma

140 2895 191 2982 (2.
218 2899 248 2972 2,
272 2897 324 2972 39,
350 2916 378 2960 a.
403 2897 436 2981 3)
463 2896 570 2959 dicunt
592 2896 726 2978 recipere
749 2896 926 2958 immediate
949 2917 970 2959 a
1001 2894 1111 2958 Pomti-

137 2997 217 3078 ficm
242 2997 273 3058 et
295 2995 340 3059 sic
362 2993 534 3058 admissum
566 2992 689 3056 videtur
719 3012 737 3056 a
761 2991 912 3076 Gregorio
946 2994 985 3073 (c.
1015 2991 1109 3055 Deer.

137 3111 229 3158 caus.
254 3095 284 3168 2,
310 3093 339 3165 9,
365 3093 395 3168 6,
420 3111 445 3154 c.
473 3092 538 3173 ll).
563 3089 728 3154 Caeterum
752 3089 825 3153 boec
853 3092 992 3170 quaestio
1016 3091 1111 3171 (poue

138 3192 178 3255 im
207 3191 390 3254 Tridentino
418 3187 556 3252 Concilio
579 3186 644 3267 fuit
661 3189 833 3268 proposita,
857 3209 912 3251 mee
940 3193 1043 3251 tamem
1065 3187 1109 3250 di·-

138 3291 280 3370 ecmseo),
306 3291 353 3351 est
371 3289 477 3368 potius
499 3287 536 3349 de
560 3287 705 3350 momine:
730 3304 849 3348 namen
875 3306 934 3349 una
950 3288 1111 3368 pertecer·

137 3389 214 3451 tum
238 3387 284 3449 est
300 3385 383 3467 quod
399 3384 552 3466 Episcopi,
577 3383 649 3446 licet
664 3383 844 3446 immediate
867 3384 1017 3464 recipiant
1032 3383 1111 3446 banc

138 3483 333 3567 potestatem
357 3500 376 3544 a
399 3479 534 3556 Christo,
559 3498 678 3561 semper
708 3481 813 3543 tamen
844 3480 1017 3562 suscipiunt
1039 3497 1109 3543 cum

138 3579 398 3646 subordinatione
422 3577 461 3641 ad
485 3577 618 3661 Papam3
642 3579 674 3641 et
705 3596 740 3641 ex
772 3578 835 3641 alia
866 3578 939 3642 licet
969 3577 1110 3660 Episcopi

136 3678 232 3744 illam
255 3676 408 3760 recipiant
432 3695 450 3740 a
473 3674 633 3752 Pontifice,
658 3677 788 3757 possunt
811 3677 917 3739 tamen
933 3676 1017 3758 leges
1033 3675 1110 3739 ferre
