2818 4276
307 213 342 262 bb
522 213 627 258 Tusci.
654 214 692 258 DE
717 213 791 259 lURE
815 213 903 258 PUBL.
928 213 960 256 IN
985 213 1056 258 GEN.

1170 303 1283 310 -.-.

312 417 404 492 tiens,
418 415 531 479 talium
545 415 700 478 amicitias
711 416 805 495 atque
818 431 981 489 sermones,
996 412 1202 494 perditionem
1217 432 1289 476 esse

310 514 440 577 animae.
467 512 515 576 Sic
538 512 633 576 etiam
655 512 787 575 Arianos
815 510 1039 586 detestabatur,
1070 511 1108 572 ut
1133 509 1289 572 omnibus

312 611 435 686 diceret,
460 629 514 673 nec
537 610 623 672 iuxta
648 628 699 672 eos
723 608 846 690 quidem
871 627 936 671 esse
961 607 1177 682 accedendum.
1197 606 1289 670 Nam

311 727 382 770 cum
395 707 548 770 venissent
561 706 687 786 quidam
703 706 926 780 Ariomanitae‚
944 705 1065 786 reperta
1082 722 1191 767 eorum
1208 704 1290 785 post

313 804 571 868 examinationem
604 803 816 867 infidelissima
851 804 944 877 secta,
976 801 1126 884 effugavit
1161 820 1218 864 eos
1250 801 1290 864 de

313 903 428 977 monte,
446 901 557 976 dicens,
574 901 675 965 multo
692 901 884 983 serpentibus
901 899 1068 964 deteriores
1083 900 1197 962 horum
1217 917 1290 962 esse

316 1017 469 1062 sermones
497 1023 514 1056 »
550 997 593 1080 (S.
617 997 767 1060 Athenas.
792 998 909 1066 incito
935 996 967 1059 S.
993 997 1141 1073 Autouii,
1168 1016 1200 1058 n.
1231 997 1290 1069 90,

314 1115 363 1176 ap.
391 1093 545 1177 Boland.).
575 1093 614 1156 ΙΙ.
647 1094 774 1177 «Rogo
802 1112 867 1168 vos,
895 1094 1016 1168 fratres,
1045 1093 1082 1154 ut
1110 1093 1293 1156 observetis

314 1210 376 1265 coe,
401 1191 455 1271 qui
477 1191 678 1254 dissentiones
702 1193 733 1253 et
757 1189 939 1254 offendicula
954 1192 1076 1270 praeter
1105 1189 1290 1252 doctrinam

315 1307 409 1369 quarn
433 1306 488 1350 vos
512 1288 673 1362 didicistis,
699 1288 837 1361 faciunt3
866 1289 897 1350 et
928 1287 1080 1350 declinate
1112 1287 1151 1350 ab
1183 1287 1289 1350 illis...

315 1405 368 1468 per
391 1385 494 1448 dulces
518 1386 597 1448 enirn
638 1404 790 1449 sermones
819 1386 849 1448 et
879 1383 1107 1447 benedictiones
1132 1383 1293 1448 seducunt

315 1483 407 1546 corda
422 1483 632 1546 innocentium
646 1508 663 1540 ›>
683 1482 788 1563 (Rom.
808 1483 859 1558 lu,
879 1481 1004 1563 17-18).
1014 1481 1071 1542 lll.
1085 1481 1124 1544 D.
1137 1481 1293 1554 irenaeus

316 1580 441 1661 (ceretro
465 1579 581 1642 laeuae.
606 1579 627 1642 l.
653 1580 682 1656 3,
700 1599 725 1642 c.
744 1577 1010 1660 maceraturos
1034 1577 1166 1641 loannes
1183 1577 1294 1642 Evan-

316 1676 429 1759 gelista
457 1674 638 1738 Corinthum
669 1675 774 1739 videns
805 1693 869 1738 sese
900 1675 932 1736 in
966 1673 1076 1736 balneo
1111 1675 1292 1746 lavantem,

316 1775 426 1837 statim
443 1773 552 1855 tingit:
577 1773 656 1836 unde
684 1799 701 1830 «
717 1774 842 1835 tantum
857 1771 1002 1854 Apostoli
1019 1773 1176 1835 eteorum
1194 1772 1294 1836 disci-

307 1871 382 1952 'puli
405 1871 579 1934 habuerunt
603 1871 756 1946 timorem,
781 1871 817 1932 ut
844 1888 880 1932 ne
897 1869 1083 1932 verbotenus
1114 1870 1296 1932 communi-

317 1969 421 2030 carent
445 1967 538 2028 alicui
562 1987 678 2042 eorum,
704 1967 757 2047 qui
780 1967 1036 2029 adulteraverunt
1068 1967 1240 2030 veritatem
1258 1991 1291 2026 >›.

362 2065 437 2127 303.
476 2100 514 2108 -
556 2062 587 2126 S.
631 2063 803 2143 Grepora'us
841 2063 984 2142 Mcpuus
1007 2063 1042 2144 (l.
1084 2065 1113 2137 1,
1147 2081 1194 2145 ep.
1233 2063 1294 2144 74)

318 2161 508 2224 oebcuocater
532 2159 640 2222 laudat
666 2159 866 2222 Geeeuade'ueu
883 2160 1055 2237 patritium
1071 2159 1295 2223 attenuebant

318 2255 459 2334 Africae,
485 2255 567 2333 quod
587 2275 700 2335 lacque
722 2255 824 2316 studio
855 2254 1024 2316 leoeretoscos
1060 2257 1161 2318 curule
1178 2276 1294 2338 prosc-

318 2353 473 2430 queretur.
503 2375 520 2408 «
544 2349 761 2432 Cognovimus‚
775 2351 886 2430 inquit,
904 2368 955 2412 eos
971 2352 1080 2414 contra
1097 2353 1292 2418 catholicam

319 2446 497 2518 Ecclesiam,
522 2446 654 2508 Domino
679 2447 722 2508 eis
745 2445 936 2520 adversante,
962 2446 1042 2509 colla
1060 2447 1233 2530 subrigere,
1261 2449 1295 2510 et

318 2543 411 2606 fidem
434 2543 511 2605 velle
535 2542 696 2604 christiani
719 2542 852 2604 nominis
868 2542 1029 2604 inclinare:
1048 2543 1101 2605 sed
1118 2545 1292 2608 eminentia

319 2641 422 2703 vestra
446 2639 574 2701 conatus
599 2657 704 2700 eornm
728 2637 923 2718 comprimat,
948 2639 980 2701 et
1004 2640 1154 2720 superbas
1179 2659 1292 2704 eorum

321 2737 451 2799 cervices
475 2735 548 2816 iugo
580 2732 774 2796 rectitudinis
804 2735 969 2814 premat.»
999 2773 1038 2780 —
1065 2735 1141 2814 Ipse
1166 2736 1294 2800 Petram

319 2830 463 2911 Boplcus
486 2830 587 2891 multa
615 2827 669 2890 dat
685 2829 867 2910 argumenta
884 2829 916 2891 in
931 2835 1133 2893 coenulentae.
1152 2830 1292 2906 Plu'loe„

321 2928 360 2991 ad
383 2927 438 2990 illa
454 2926 563 2989 uerba:
581 2923 723 3002 eouopellc
738 2926 877 3000 latrum
893 2928 930 2989 ut
946 2927 1100 3005 conficiat,
1117 2931 1294 3010 puniendos

321 3045 385 3090 esse
410 3024 519 3087 atheos
543 3024 574 3085 et
597 3021 776 3095 haereticos,
801 3023 854 3102 qui
869 3043 993 3087 morum
1009 3026 1136 3108 regulas
1154 3045 1296 3092 corrum-

320 3126 409 3206 punt,
434 3121 488 3202 qui
511 3120 619 3182 turbas
642 3119 674 3180 in
697 3119 852 3198 republica
876 3122 1021 3198 excitant,
1047 3123 1101 3204 qui
1137 3124 1294 3190 ministris

321 3221 467 3298 iniuriam
492 3217 642 3300 irrogant,
667 3217 720 3296 qni
744 3217 844 3280 malac
868 3218 938 3282 fidei
962 3222 1045 3294 sunt,
1075 3222 1130 3301 qui
1147 3223 1294 3287 societati

324 3318 460 3382 inferunt
484 3313 713 3378 detrimentum.
738 3312 781 3374 Ex
810 3314 922 3393 quibus
939 3335 1045 3379 ornnes
1061 3337 1178 3399 poenas
1203 3340 1223 3382 a
1248 3341 1297 3384 ca·

322 3414 448 3477 tholicis
472 3412 580 3498 contra
603 3409 774 3471 haereticos
790 3412 978 3475 constitutas
994 3413 1158 3491 vindicari,
1176 3417 1244 3482 late
1261 3437 1295 3480 ae

323 3528 451 3574 nervose
465 3505 600 3572 ostendit
613 3503 803 3568 Gauchatus.
814 3506 869 3568 Ito
883 3507 1007 3584 Devote',
1025 3511 1087 3574 vol.
1106 3512 1147 3586 ΙΙ,
1168 3533 1195 3593 p.
1217 3514 1293 3576 237.

320 3643 364 3654 —
390 3605 450 3669 Cfr.
475 3601 618 3676 Bossnet
635 3599 723 3662 Hoc.
740 3602 850 3663 ocreae.
878 3603 899 3664 l.
927 3605 978 3682 lo,
1003 3625 1029 3670 c.
1055 3607 1108 3670 56.
