2812 4268
274 241 339 288 cle.
363 243 392 287 V.
417 242 456 288 ba
480 219 581 290 REBUS
604 241 716 302 sechia,
741 243 862 290 ssrlcrls
886 241 923 288 Er
946 243 1047 290 Ratis.
1076 239 1148 306 ’,405

171 436 245 506 uid.
270 437 416 502 Birrarri.
442 438 548 504 Const.
580 438 692 504 Leonis
721 438 800 510 >llll
835 434 978 514 Condito,
1013 436 1147 506 Normas

93 524 96 528 ’
180 531 214 597 S.
239 534 597 610 u.1ss.et‚lala.‚etc
911 608 914 613 ,

228 631 326 696 1240.
350 669 398 700 -,
417 634 596 700 seminaria
620 632 826 702 elericorum.
843 669 886 680 -
900 631 1068 697 Concilium
1082 631 1148 696 Tri·

178 728 354 806 deutinum,
377 748 451 796 sess.
476 733 529 808 23,
553 751 620 815 cap.
647 733 700 808 18,
722 732 760 797 de
785 731 925 810 Reform.
956 732 1079 806 statuit,
1111 732 1148 794 ut

182 827 323 910 singulae
335 825 546 906 Cathedrelea
560 831 829 913 Metropolitanus,
843 833 936 912 atque
951 830 1000 894 bis
1015 830 1148 894 maiores

179 925 345 1003 Ecclesiae,
368 943 423 1008 pro
447 927 539 994 modo
563 929 750 994 facultatum
774 929 806 992 et
828 928 983 993 Dioecesis
1003 927 1147 1016 amplitu-

178 1023 261 1100 dine,
286 1025 405 1088 certum
428 1045 594 1106 puerorum
618 1027 715 1110 ipsius
745 1025 892 1092 Civitatis
922 1027 953 1090 et
984 1025 1147 1102 Dioecesis,
1197 1071 1198 1078 1

55 1109 58 1115 ’
113 1126 115 1130 ’
180 1122 233 1186 rel
247 1123 312 1188 eius
327 1121 515 1199 Provinciae,
540 1125 566 1188 si
582 1125 625 1189 ibi
640 1143 698 1190 non
715 1125 916 1208 reperiantur,
937 1141 1099 1186 numerum
1116 1123 1146 1186 in
1210 1195 1211 1200 ἵ

179 1218 320 1304 Collegio
343 1219 383 1284 ad
406 1222 463 1286 hoo
485 1241 580 1305 prope
603 1223 687 1305 ipsas
709 1223 862 1299 ecclesias,
883 1223 932 1286 uel
954 1223 1016 1288 alio
1032 1223 1065 1284 in
1080 1221 1147 1286 loco

183 1318 378 1383 antoniensi
402 1317 441 1383 ab
457 1319 606 1402 Episcopo
618 1320 767 1404 eligendo,
780 1319 862 1384 alere
874 1323 906 1384 et
918 1319 1061 1402 religiose
1077 1317 1148 1382 edu-

181 1433 260 1491 care,
284 1417 316 1478 et
339 1415 562 1494 Ecclesiastiois
586 1417 757 1500 disciplinis
780 1418 944 1482 instituere
971 1417 1146 1480 teneantur.

178 1511 260 1588 Ioco,
284 1513 320 1576 ut
343 1513 375 1576 in
399 1513 543 1578 Ecclesiis
559 1513 680 1596 amplas
698 1515 857 1580 Dioeeeses
872 1513 1059 1577 habentibus
1076 1531 1145 1594 pos·

179 1610 223 1674 sit
246 1609 415 1693 Episcopus
438 1629 535 1676 unum
559 1611 608 1676 vel
631 1611 721 1694 plura
746 1612 778 1676 in
795 1611 944 1686 Dioeeesi,
970 1611 1063 1695 prout
1085 1609 1145 1674 sibi

179 1709 389 1790 opportunum
413 1707 579 1783 ridebitur,
604 1709 717 1775 habere
739 1709 921 1783 Sensissent,
946 1727 1024 1790 quae
1041 1709 1145 1772 tamen

177 1804 220 1868 ab
242 1805 297 1870 illo
323 1825 381 1870 uuo
405 1802 487 1888 quod
511 1806 542 1870 iu
564 1803 709 1890 diritate¹
725 1809 861 1874 erectum
886 1808 917 1870 et
940 1805 1145 1869 constitutum

181 1901 284 1978 fuerit,
309 1904 340 1966 in
365 1903 508 1968 omnibus
532 1903 733 1985 dependeant.

114 2042 122 2071 ,ι
228 2001 322 2064 1241.
351 2037 395 2048 --
431 2003 617 2083 Hospitalis.
649 2036 693 2074 e-
724 1999 896 2066 Concilium
929 2000 1142 2067 'tridentinum

178 2098 312 2162 statuit:
336 2099 361 2162 l.
379 2099 424 2164 Ut
446 2099 580 2180 exeeptis
603 2098 821 2184 Hospitalibus
845 2116 923 2180 quiae
942 2098 1000 2161 sub
1022 2099 1143 2180 Regum

177 2195 361 2262 immediata
385 2198 572 2280 protectione
595 2198 678 2270 sunt,
694 2197 866 2278 quibusque
878 2195 976 2278 Regia
992 2195 1143 2276 protectio

178 2301 530 2388 inlimineiundationis
553 2302 693 2378 accessit,
709 2303 831 2366 caetera
843 2301 1021 2381 hospitalia,
1035 2301 1144 2366 omnis·
1177 2357 1180 2362 .

178 2417 240 2480 que
263 2399 382 2484 generis
405 2400 472 2464 loca
496 2401 546 2482 pia
569 2399 740 2464 visitationi
764 2399 906 2482 Episcopi
931 2399 1090 2462 subessent
1113 2399 1145 2462 in

125 2509 126 2512 ’
180 2497 220 2560 iis
244 2497 396 2574 omnibus,
412 2497 492 2578 'quae
516 2498 574 2561 Dei
597 2497 727 2574 cultum,
753 2497 930 2561 animarum
953 2496 1097 2572 salutem,
1114 2497 1146 2560 et

116 2655 121 2668 ,
177 2593 334 2676 peculiare
357 2613 434 2677 opus
464 2595 523 2660 loci
553 2595 594 2678 pii
627 2595 806 2679 respiciunt,
839 2594 915 2658 lieet.
931 2615 952 2657 a
974 2594 1065 2658 loc'eis
1087 2614 1144 2674 pu-

179 2691 361 2756 berccntecr.
421 2691 424 2699 '

227 2789 616 2854 1242-1111111111111
639 2790 790 2872 Episcopo
808 2791 877 2854 tum
899 2789 931 2854 in
955 2788 1143 2865 visitatione,
1168 2765 1171 2772 ⁴
1279 2797 1281 2801 ’

180 2889 251 2952 tum
274 2889 361 2953 entra
385 2907 454 2953 eam
477 2889 561 2954 iusta
594 2890 771 2962 oecurrente
794 2907 888 2952 eausa
911 2888 992 2953 ratio
1016 2887 1144 2952 admini-

177 2985 342 3052 strationis
365 2988 531 3068 quotannis
554 2988 743 3064 redderetur,
760 2987 840 3068 quod
865 2987 891 3049 si
914 2985 1143 3059 consuetudine,

179 3083 352 3167 privilegio,
368 3085 418 3148 vel
432 3084 491 3148 loui
507 3087 630 3150 statuto
647 3085 718 3149 aliis
734 3084 821 3148 adid
838 3083 994 3166 deputatis
1009 3083 1144 3146 rationes

179 3181 350 3246 reddendae
374 3184 485 3258 essent,
511 3185 580 3248 tum
604 3184 700 3248 etiam
724 3203 881 3248 unacum
904 3183 942 3246 iis
965 3182 1148 3246 Ordinarius

179 3279 386 3356 adhiberetur,
407 3283 439 3344 et
456 3271 608 3346 ¹liberatio
624 3280 715 3345 aliter
732 3279 815 3344 facta
838 3278 1146 3344 administratoribus

177 3377 263 3442 nihil·
281 3379 450 3460 prodesset.

224 3475 321 3538 1243.
337 3513 381 3522 —-
397 3477 454 3540 Hi.
480 3476 524 3540 Ut
544 3476 670 3541 demum
692 3477 836 3559 Episcopi
859 3467 983 3559 possent
1005 3494 1145 3540 coercere

176 3569 399 3654 delinquentes,
417 3574 541 3654 suisque
564 3573 685 3658 legibus
702 3574 817 3638 abusus
840 3574 959 3650 tollore,
976 3593 1012 3638 ao
1027 3573 1143 3638 bonum

175 3689 374 3752 promouere3
398 3671 442 3736 sic
460 3673 565 3738 tamen
589 3673 626 3736 ut
648 3671 753 3736 sinant
768 3671 835 3736 loca
857 3671 925 3754 ipsa
949 3672 1036 3736 iuxta
1058 3671 1143 3756 leges
