2750 4270
296 217 350 271 232
577 223 751 272 TRACTATUS
775 225 813 270 Dll
838 225 984 273 PERSONIS

302 419 415 484 Sancta
439 420 574 486 Nicaeae
599 422 741 505 Synodus
772 424 804 488 et
839 423 901 487 alia
937 422 1074 488 Consilia
1109 385 1256 490 subintra

298 517 425 584 ductam
448 520 559 584 habere
582 521 745 584 mulierem
768 520 966 586 interdicunt.
991 521 1055 602 Ipsi
1078 521 1195 586 nullam
1216 524 1256 588 rei

297 617 460 681 extraneae
484 637 589 682 euram
615 618 655 681 ad
679 637 711 683 se
738 621 890 692 revocent,
915 620 968 684 sed
991 620 1118 684 lectioni
1140 623 1172 684 et
1193 639 1256 686 ora·

297 714 387 790 tioni,
412 734 466 778 nec
490 735 549 780 non
574 716 659 780 verbi
683 717 739 780 Dei
764 716 986 798 praedicationi
1010 720 1130 782 vacent.
1154 718 1256 782 Mode-

296 813 642 894 etam-suppellectilem
677 813 822 890 habeant,
847 818 877 877 et
899 813 1023 895 propoli
1056 836 1163 880 mensa
1194 837 1256 880 oon·

299 911 377 974 tenti
399 915 528 974 oaoeant
550 932 589 974 ne
620 912 697 992 qnid
725 918 887 992 appareat,
913 913 995 993 qaod
1024 934 1087 978 nan
1117 913 1257 994 simplici

299 1011 393 1072 tatem
415 1009 449 1070 in
473 1011 527 1086 eis,
544 1016 576 1074 et.
587 1011 694 1074 carnis
709 1010 989 1090 mortificationem,
1014 1017 1044 1075 et
1058 1004 1257 1092 contemptam

298 1107 481 1182 vanitatum,
506 1128 543 1170 ac
566 1107 629 1171 Dei
651 1108 753 1171 aelam
770 1107 969 1187 praeseferat
983 1109 1059 1191 (ea.
1085 1108 1174 1174 Cone.
1190 1109 1257 1174 (lar-

298 1202 397 1287 thag.,
421 1205 475 1280 IV,
500 1226 566 1284 cap.
593 1206 644 1281 15,
670 1203 759 1270 Cone.
784 1205 1008 1288 Antiochi-Si
1023 1209 1087 1287 pai
1101 1207 1257 1288 reputares

298 1299 418 1378 pluerint
442 1303 487 1366 ad
514 1303 723 1384 Episcopatus
755 1303 899 1368 honorem
926 1306 1071 1384 promoti,
1103 1306 1257 1389 religionis

298 1396 437 1464 tabitam
460 1402 624 1478 retineant,
649 1402 736 1465 iuxta
760 1421 884 1466 normas
900 1403 1063 1486 liturgicis
1086 1405 1118 1466 et
1141 1403 1257 1468 decreta

299 1495 329 1560 S.
354 1496 450 1574 Sedis,
476 1519 554 1580 quae
584 1499 715 1563 formam
740 1501 771 1563 et
802 1519 894 1564 usum
919 1499 1105 1564 describunt.
1135 1503 1169 1545 -ὲ
1197 1501 1259 1565 Bel·
1340 1587 1341 1590 Ἴ

298 1594 459 1666 larminus,
484 1596 646 1660 Admonet.
670 1598 714 1660 ad
742 1597 849 1676 Episc.
877 1597 1092 1662 Tdeanensem
1126 1603 1260 1678 nepotem
1340 1657 1341 1662 ,

297 1711 399 1770 samm,
423 1695 630 1759 controversia
646 1697 677 1772 4,
695 1696 833 1776 quaerit:
851 1696 907 1758 An
922 1695 1099 1776 Episcopus
1123 1702 1261 1762 teneatur

298 1809 363 1852 esse
381 1789 548 1870 perfectae,
574 1793 605 1856 et
628 1793 809 1875 respondet:
838 1818 855 1851 «
872 1793 912 1856 Et
935 1793 1018 1874 quod
1042 1796 1197 1870 teneatur,
1213 1795 1262 1860 do

297 1889 497 1954 contemnes
521 1889 700 1972 Scriptores,
725 1910 761 1954 ae
784 1892 966 1972 praesertim
991 1891 1021 1954 S.
1046 1891 1194 1968 Thomas,
1211 1893 1260 1974 qui

297 2003 481 2068 comparans
505 1989 678 2072 Religiosos
705 2009 775 2052 eum
808 1989 969 2070 Episcopis
999 1989 1084 2065 dicit,
1116 1991 1260 2054 maiorem

297 2083 515 2164 perfectionem
539 2087 653 2166 requiri
677 2087 709 2149 in
731 2085 890 2168 Episcopis
914 2105 1009 2168 quam
1032 2087 1063 2150 in
1087 2087 1259 2171 Religionis.
1340 2149 1341 2170 ξ

297 2183 405 2264 Ipsum
429 2183 603 2257 audiamus,
634 2184 678 2248 sie
708 2184 790 2248 enim
820 2183 1003 2264 respondet:
1036 2191 1056 2216 “
1080 2183 1257 2258 Dicendum,

297 2279 381 2360 quod
404 2281 485 2344 sicut
515 2281 711 2364 Augustinus
740 2281 825 2356 dicit,
850 2280 905 2344 lib.
932 2281 982 2354 12,
1008 2299 1075 2362 cap.
1108 2281 1139 2356 6,
1173 2300 1258 2364 super
1340 2307 1341 2312 ¹

297 2375 443 2442 Genesim
468 2379 507 2442 ad
530 2379 680 2454 litteram,
712 2396 831 2459 semper
854 2395 948 2460 agens
971 2379 1185 2460 praestantius
1218 2379 1257 2443 est

298 2474 453 2554 patiente:
478 2477 510 2539 in
533 2495 643 2559 genere
666 2478 772 2539 autem
789 2473 984 2556 perfectionis
1000 2476 1170 2540 seeundum
1195 2477 1258 2540 Dio·

299 2573 422 2654 nysium
445 2575 589 2656 Episcopi
612 2593 643 2638 se
666 2574 782 2638 habent
812 2574 849 2636 ut
873 2573 1079 2654 perfectiores,
1111 2573 1256 2658 Religioni

296 2670 404 2733 autem
429 2673 466 2734 ut
488 2673 632 2753 perfecti:
657 2691 785 2754 quorum
822 2691 920 2734 unum
944 2671 1080 2752 pertinet
1103 2671 1144 2735 ad
1167 2673 1255 2736 actio·

300 2786 380 2844 uem,
404 2771 537 2834 alterum
562 2772 666 2835 autem
692 2770 732 2834 ad
751 2769 941 2851 passionem:
959 2769 1039 2832 unde
1062 2769 1254 2834 manifestum

295 2869 356 2942 est,
382 2868 462 2949 quod
486 2869 589 2932 status
621 2867 814 2950 perfeetionis
844 2867 948 2948 potior
971 2867 1074 2931 estin
1104 2866 1253 2949 Episcopis

299 2983 392 3045 quam
417 2966 448 3028 in
472 2966 637 3050 Religiosis
663 3014 681 3042 „
713 2965 758 3046 (2.
784 2967 839 3041 2²⁹,
864 2985 893 3044 a.
919 2965 994 3040 284,
1018 2969 1081 3028 art.
1108 2965 1151 3047 7).
1176 2960 1253 3044 Quod

297 3062 502 3128 confirmatur
524 3083 559 3128 er
584 3065 684 3128 verbis
707 3061 868 3146 Apostoli:
895 3062 936 3125 In
960 3061 1104 3126 omnibns
1135 3065 1252 3144 teipsam

293 3161 411 3240 praede
434 3161 606 3241 exemplam
624 3161 772 3225 bonoram
782 3181 793 3236 ,·
817 3162 898 3224 etex
915 3160 1016 3224 verbis
1033 3161 1179 3225 Domini:
1205 3157 1252 3224 Vos

297 3259 373 3322 estis
396 3257 582 3336 salterrae,
606 3263 635 3322 et
659 3258 713 3322 lna
744 3258 863 3320 mandi.
894 3257 981 3322 Haeo
1011 3257 1110 3340 igitur
1139 3259 1188 3322 est
1214 3271 1252 3316 ve·

299 3355 392 3431 ritas:
417 3356 471 3420 sed
493 3375 554 3420 non
579 3375 684 3420 omnes
708 3356 836 3438 capiunt
859 3357 987 3420 verbum
1004 3355 1098 3418 istud.
1116 3348 1251 3437 Religioni

296 3455 427 3518 suntin
455 3455 543 3520 statu
573 3454 769 3537 perlectionis
799 3453 1013 3534 acquirendae,
1047 3453 1121 3534 quia
1147 3446 1249 3516 faciunt

300 3553 362 3617 tria
386 3554 471 3628 vota,
495 3553 690 3635 paupertatis
714 3553 820 3616 eontra
844 3551 990 3616 affectum
1007 3550 1195 3623 divitiarum,
1209 3562 1249 3607 cs·
1340 3561 1341 3564 ’

296 3651 419 3714 stitatis
439 3652 545 3714 eontra
563 3649 841 3732 concupiscentiam
859 3649 970 3726 earnis,
988 3647 1178 3714 obedientias
1190 3660 1248 3707 con-
