2750 4270
308 259 361 312 256
587 263 760 310 Tuncrsuus
784 264 823 310 DE
847 263 994 310 PERSONIS

309 463 471 538 sustinere,
488 465 525 524 ut
540 461 677 544 eligatur
692 481 753 526 non
769 461 889 538 doctor,
909 462 963 526 scd
986 481 1107 543 semper
1128 461 1261 525 idoneus:

309 561 407 637 Unde,
436 585 454 618 c
470 560 553 642 quod
576 561 693 624 Doctor
716 561 747 624 in
770 560 842 624 lure
865 558 1030 634 Canonico‚
1056 561 1082 623 si
1105 561 1147 624 sit
1168 561 1198 623 iu
1216 559 1263 624 Ca·

312 661 455 742 «pitulo,
484 660 534 724 vel
558 660 655 722 etiam
679 661 766 722 entra
790 659 829 722 ad
853 660 911 722 hoc
934 679 1048 722 munus
1072 661 1206 740 paratus,
1227 660 1264 723 sit

313 758 516 842 «eligendus,
544 758 739 822 demonstrat
761 757 890 821 Richter
912 776 948 820 ex
970 756 1115 820 adductis
1146 756 1263 820 totidem

313 883 330 915 ‹<
347 855 377 920 S.
403 856 659 940 congregationis
682 855 902 930 decisionibus3
934 855 1013 919 alias
1046 873 1108 919 non
1136 856 1264 919 Doctoris

313 955 455 1018 «electio
480 955 627 1017 sustineri
652 955 803 1034 nequiret.
826 953 876 1016 Ad
899 953 997 1028 Trio„
1021 971 1095 1016 sess.
1114 955 1165 1029 24,
1181 973 1204 1016 c.
1218 953 1262 1026 16,

313 1078 330 1111 «
346 1053 383 1115 dc
397 1051 482 1131 Rufi,
494 1071 523 1114 n.
538 1052 559 1113 4
575 1076 607 1113 ».
627 1048 771 1135 (Ferrari,
792 1049 922 1116 Summa
933 1051 1015 1114 Iust.
1033 1048 1261 1124 Ocuouicurum,

309 1173 338 1214 n.
365 1152 439 1226 197,
463 1151 508 1228 4).
533 1149 620 1213 Idem
644 1151 782 1213 sentiunt
805 1149 985 1232 Pignatolli‚
1016 1151 1061 1212 Dc
1085 1148 1177 1221 Luco,
1206 1148 1261 1212 Mo

309 1247 429 1323 flocelli,
454 1248 511 1310 etc.
536 1246 600 1310 Alii
624 1246 725 1308 aliter.
745 1283 781 1290 -
798 1244 1056 1309 Cououunuunuu
1072 1261 1137 1308 ouu
1152 1244 1262 1308 solinu

310 1345 383 1428 (Tu.
400 1346 498 1420 Mor„
515 1365 545 1408 n.
571 1345 659 1427 590).
687 1343 838 1407 «Verum
861 1363 932 1413 cum
958 1344 989 1408 S.
1007 1341 1121 1427 Cougr.
1146 1343 1262 1407 attentis

312 1469 329 1503 «
345 1444 531 1527 specialibus
554 1445 706 1508 sactorum
733 1443 988 1518 circumstantiis,
1002 1442 1179 1524 aliquando
1206 1441 1263 1506 irri-

313 1545 423 1618 «tam,
448 1541 615 1623 aliqnando
640 1541 779 1604 validam
803 1540 939 1604 declaret
962 1541 1144 1604 electionem
1160 1539 1264 1604 Vioarii

313 1665 330 1700 ‹<
346 1661 405 1705 non
428 1640 581 1712 Doctoris‚
606 1641 738 1703 Doctore
761 1639 950 1720 posthabite,
983 1639 1093 1721 regula
1124 1638 1265 1722 generalis

313 1762 330 1795 ‹<
346 1740 378 1802 et
401 1737 491 1801 firma
513 1756 568 1818 pro
594 1737 737 1800 omuibus
753 1737 876 1800 casibus
892 1735 1049 1818 adsignari
1065 1736 1183 1817 nequit.
1194 1735 1264 1798 Hinc

313 1861 329 1894 «
346 1855 415 1899 cum
440 1836 565 1898 Matriti
587 1833 726 1899 Nuntius
750 1836 907 1917 petiisset:
931 1834 1054 1898 Electio
1079 1834 1200 1898 isidorii
1217 1831 1264 1897 Oc·

313 1959 330 1993 e
340 1931 494 2012 piiuluris
517 1937 602 1996 cstuc
624 1933 792 1996 iuiiiuscce
819 1931 920 2007 uuila,
944 1933 974 1994 si
995 1951 1059 1994 uou
1089 1933 1134 1994 sit
1158 1931 1265 1995 Dooiu

313 2057 330 2090 «
345 2035 402 2094 uui
424 2031 602 2094 liceuiuuius
617 2031 652 2092 iu
666 2030 744 2094 Iure
760 2027 926 2106 Coponios,
946 2031 1047 2110 posito
1063 2030 1148 2110 quod
1160 2031 1195 2092 iu
1213 2025 1264 2090 Oc-

313 2155 330 2188 «
342 2129 444 2210 pitulo
467 2147 550 2191 uuus
573 2127 683 2190 sellem
706 2129 748 2191 sii
768 2128 974 2210 productus?
996 2127 1044 2190 Ec
1064 2127 1143 2208 quid
1166 2129 1194 2189 si
1222 2124 1263 2188 Vi-

310 2227 416 2290 curius
444 2221 640 2303 Cupiluiuris
670 2229 828 2288 mercatur
857 2225 994 2300 destitui,
1019 2225 1079 2288 etsi
1100 2223 1205 2286 uuiius
1224 2241 1261 2284 rc·

314 2350 331 2383 ‹<
347 2323 484 2388 clamet?
507 2323 537 2387 S.
563 2322 692 2386 Concilii
716 2322 811 2408 Cong.
835 2323 994 2405 respondit
1018 2323 1060 2385 25
1085 2323 1151 2386 Ian.
1171 2321 1260 2384 1862:

314 2447 331 2482 ‹<
349 2421 572 2486 Providcditur
595 2423 629 2484 iu
652 2422 776 2485 cusidus
795 2422 1046 2501 particularibus
1069 2429 1100 2486 at
1126 2422 1168 2485 ud
1191 2439 1261 2482 mcu-

315 2547 332 2580 «
349 2525 418 2585 teu.
443 2546 459 2578 »
487 2521 579 2584 Uuou
603 2521 635 2583 in
659 2521 806 2584 electione
829 2520 947 2585 Vicarii
970 2519 1161 2603 Capitularis
1185 2519 1260 2582 cuuto

311 2619 546 2703 agendumst,
570 2620 607 2681 ut
630 2618 732 2682 valide
756 2621 880 2702 agatur.
961 2621 963 2626 '

357 2715 431 2778 737.
457 2753 496 2762 -
523 2717 668 2782 Potestas
693 2717 807 2782 licerii
835 2717 1039 2798 capitularis.
1064 2752 1105 2764 -
1130 2715 1196 2780 Nou
1215 2727 1260 2776 eo·

311 2833 401 2878 cusu:
426 2851 468 2860 —-
492 2815 517 2878 Ι.
542 2815 586 2877 lla
610 2835 688 2896 quae
713 2817 786 2879 sunt
810 2815 926 2879 ordinis
949 2813 1174 2898 episcopalis&

358 2913 432 2978 738.
457 2951 499 2958 -
523 2913 565 2976 ll.
590 2912 700 2992 Neque
723 2933 759 2977 ea
787 2931 865 2994 quae
888 2912 1014 2976 fuerunt
1036 2913 1184 2995 Episcopo
1205 2925 1259 2990 por-

312 3011 460 3075 sonuliter
495 3011 647 3094 delegata.
678 3011 790 3090 Neque
812 3029 848 3074 ea
871 3029 950 3091 quae
974 3011 1142 3093 Episcopus
1170 3003 1259 3090 potest

312 3110 349 3172 ut
372 3109 534 3193 delegatus
557 3109 588 3174 S.
614 3107 711 3173 Sedis.

358 3349 368 3384 1
387 3349 431 3403 Ad
451 3350 580 3404 dubium:
600 3352 648 3404 Au
673 3351 802 3406 Vicurius
823 3349 997 3430 Cupiiuluris
1016 3349 1087 3406 Sede
1112 3339 1260 3417 Episcopuli

314 3448 437 3504 vacante,
462 3441 625 3506 fucultatem
652 3443 752 3496 habeut
783 3441 951 3496 coucedcudi
980 3439 1180 3510 iuduzpeuuau
1203 3445 1259 3503 qual

314 3531 491 3597 caeteroquin
510 3531 655 3585 coucederc
664 3537 756 3600 posset
769 3529 927 3598 Episcopus
938 3528 1058 3584 uiscus?
1070 3528 1096 3583 S.
1112 3527 1140 3581 Ο.
1151 3525 1188 3588 C„
1197 3523 1220 3576 d.
1233 3521 1258 3574 13

314 3617 386 3672 Nou.
407 3617 484 3681 1688,
504 3619 662 3686 respondit:
683 3619 810 3674 Vicarius
825 3618 1038 3688 Cupitulcrisse
1050 3619 1192 3674 abstineat.
