2818 4276
301 262 366 310 GAP.
391 263 423 310 11.
448 263 487 310 DE
510 263 655 311 solmon.
679 267 754 314 ROM-
778 265 944 312 conclama
1059 261 1109 316 159

139 454 194 520 De
215 455 307 520 Laoc
330 453 471 541 (discors.
497 459 539 524 23
563 459 603 524 ad
627 461 662 526 C.
687 459 804 546 Trid.):
832 477 893 525 «ro
909 479 1012 526 ronna
1037 479 1109 526 css·

141 571 225 618 osan
257 573 276 618 r
307 573 428 620 canoas
459 574 676 624 sscucrmun.
702 583 720 618 »
761 557 850 623 Unde
878 563 964 623 certo
997 559 1108 641 reputo

139 824 297 881 relationes
316 825 503 892 intercedunt,
523 828 707 884 detestabiles
727 846 841 898 prorsus
860 846 921 884 esse
949 825 1107 886 affirment:

140 933 226 984 posse
246 915 352 984 quippe
371 917 482 972 ratione
500 917 569 972 iuris
588 919 693 986 publici
707 923 736 974 et
748 920 876 986 gentium
890 919 998 988 aliquid
1012 938 1108 975 verum

138 1022 213 1068 esse,
234 1003 309 1072 quod
329 1023 427 1073 reapse
447 1023 503 1060 non
524 1007 570 1060 sit.
589 1047 600 1071 ,
622 1007 718 1064 —De
738 1009 839 1076 quibus
867 1009 1006 1064 erroribus
1034 1010 1107 1064 idem

138 1095 238 1150 Emus
259 1095 417 1150 cardinalis
431 1095 516 1150 dixit:
537 1094 552 1120 “
566 1097 649 1152 Hand
664 1097 740 1166 fugit
753 1114 839 1166 quam
853 1097 1010 1165 perniciosa
1023 1103 1108 1167 atque

138 1184 282 1240 iniuriosa
300 1185 358 1239 sint
376 1185 446 1240 haec
464 1188 618 1251 uximnctc,
634 1203 684 1255 per
696 1203 769 1254 quae
782 1186 993 1242 Gallicanorum
1007 1188 1109 1243 Febre-

138 1276 349 1343 nianorumquc
369 1277 482 1330 vetusta
502 1275 609 1344 placite
628 1277 809 1340 suscitantur,
838 1275 901 1330 eS.
923 1276 1001 1342 Sede,
1028 1295 1109 1346 prae-
1220 1333 1222 1340 ,

138 1366 241 1419 sertim
261 1382 328 1420 vero
347 1381 365 1418 a
384 1364 411 1420 S.
430 1364 469 1418 M.
489 1365 537 1420 Pro
556 1365 596 1419 VI
615 1366 644 1420 in
665 1365 818 1434 percelebri
838 1365 936 1434 Opere,
950 1367 995 1420 cui
1007 1367 1107 1422 titulus

137 1454 300 1522 Responsio
318 1470 403 1523 cuper
426 1453 620 1512 Nautictaris.
650 1455 818 1523 iampridem
846 1455 998 1522 reprobate
1022 1459 1108 1525 etque

137 1542 308 1598 damnata...
328 1543 441 1598 -Iam
461 1559 526 1598 vero
546 1543 569 1596 si
588 1543 732 1598 &manus
758 1543 899 1608 Pontifex,
927 1544 1037 1599 ratione
1065 1547 1108 1599 sni

138 1632 292 1700 primatus,
313 1631 342 1685 in
362 1631 521 1687 universam
541 1631 699 1688 Ecclesiam
719 1633 803 1702 plens
823 1649 856 1686 eo
869 1649 1001 1701 suprema
1013 1638 1108 1689 sucto-

138 1722 229 1776 ritete
244 1721 348 1789 poliet;
370 1722 392 1776 si
406 1721 479 1776 hanc
493 1723 556 1790 Ipse
572 1739 622 1790 per
636 1739 665 1777 se
680 1727 710 1778 et
722 1723 849 1790 proxime
862 1739 991 1788 exercere
1005 1727 1106 1791 potest,

138 1812 265 1881 Legatos
285 1811 381 1875 etiam,
401 1812 449 1880 qui
468 1812 557 1879 ipsius
577 1811 667 1866 vicem
687 1817 798 1880 gerant,
827 1812 985 1881 quibusque
1014 1812 1109 1867 Ponti·

138 1903 222 1956 fictae
242 1902 396 1970 potestatis
415 1902 660 1970 exercitiumque
679 1902 748 1956 velit
761 1920 892 1956 mensura
906 1902 1108 1971 exequendum,

138 1992 293 2054 attribuat,
316 2007 492 2060 quocumque
520 1991 576 2059 ipsi
605 1991 719 2059 placeat
748 1991 879 2046 mittendi
909 1991 1036 2060 profecto
1065 1992 1107 2045 ius

138 2083 236 2138 habet.
259 2081 348 2150 Atqui
367 2082 468 2136 Nuntii
491 2083 648 2151 Apostolici
678 2083 798 2138 Romani
827 2083 979 2148 Pontifiois,
1008 2101 1025 2137 a
1053 2101 1108 2153 quo

138 2174 300 2228 auctoritas
320 2191 352 2227 eo
372 2173 454 2228 modo
474 2174 631 2228 exercenda
651 2191 684 2228 ac
702 2173 795 2228 suntme
809 2173 845 2226 ab
859 2173 921 2241 ipso
936 2174 1110 2242 praescripta

138 2265 167 2318 in
188 2263 257 2318 iilos
277 2262 430 2329 derivatur,
449 2279 548 2331 reapse
569 2263 660 2317 vicem
680 2266 796 2331 gerunt;
818 2262 990 2330 proindeque
1005 2263 1028 2315 si
1044 2263 1109 2329 Epi-

139 2369 293 2422 scoporum
313 2351 466 2406 auctoritas
483 2369 630 2420 supremae
645 2351 790 2405 Pontificis
805 2351 969 2406 auctoritati
982 2351 1110 2406 subiecta

138 2460 201 2498 esse
222 2441 318 2504 debet,
338 2457 429 2510 neque
449 2447 547 2496 contra
567 2441 633 2495 Eius
653 2441 831 2494 voluntatem
851 2441 985 2510 legesque
997 2442 1033 2494 ab
1046 2441 1110 2509 Ipso

139 2537 269 2588 statutas
288 2529 412 2585 exerceri
431 2549 555 2599 unquam
576 2534 678 2598 potest,
699 2521 765 2584 inde
784 2529 974 2598 consequitur,
1000 2533 1111 2599 episco-

141 2623 238 2691 palem
272 2621 470 2675 austeritatem
500 2625 599 2675 contra
627 2621 729 2674 Nuntii
751 2621 907 2689 Apostolici
935 2621 1111 2688 praescripta

139 2727 291 2780 nunquam
311 2711 400 2765 exseri
424 2728 513 2778 posse,
543 2711 712 2778 praesertim
742 2728 807 2765 vero
836 2728 922 2778 quum
951 2711 1005 2763 iste
1034 2709 1112 2763 vetut

140 2815 271 2870 orpaaon
291 2801 461 2853 auctoritate
481 2799 602 2866 plenum,
623 2815 677 2866 quo
695 2797 835 2860 Pontifex,
849 2802 881 2851 ut
893 2814 956 2850 curn
970 2797 1110 2850 Fidelitus

140 2893 230 2958 atquc
245 2887 392 2956 lipiscopis
406 2887 603 2952 communicet,
618 2891 778 2955 opportune
788 2887 886 2949 utitur,
897 2885 964 2952 qnid
975 2886 1029 2938 iste
1043 2883 1112 2938 velit

140 2980 270 3034 omniurn
290 2978 412 3032 maxime
432 2981 596 3046 agnoscat...
618 3003 652 3012 -—
672 2975 824 3030 Praeterea
849 2974 973 3027 Nuntius
992 2974 1127 3040 Aposto-v

141 3069 224 3134 licus,
245 3070 277 3121 nt
298 3067 404 3121 Summi
423 3067 567 3121 Pontificio
587 3066 680 3120 vicem
705 3082 814 3133 gerens,
843 3081 934 3132 neque
961 3062 1113 3121 Fidelibus,

141 3176 237 3229 neque
248 3157 325 3212 illius
335 3157 467 3211 Nationis
478 3157 636 3225 Episcopis,
651 3156 699 3210 ubi
714 3155 761 3209 ille
771 3157 968 3216 commoratur,
984 3153 1112 3206 subditus

143 3253 203 3314 est;
224 3247 344 3316 ideoque
363 3247 458 3300 neutri
476 3241 570 3302 officia
589 3245 681 3299 eidem
702 3247 761 3297 sive
780 3242 952 3311 imponendi,
972 3242 1031 3296 sive
1045 3241 1113 3296 deti·

144 3337 243 3393 niendi
257 3337 299 3390 ius
314 3337 420 3390 habent
428 3357 435 3400 ;
455 3335 600 3403 multoque
614 3333 708 3388 minus
721 3333 781 3387 eius
797 3336 861 3386 eota
874 3331 1026 3394 iudicandi,
1040 3347 1112 3398 quae

145 3444 208 3481 cum
230 3443 249 3479 a
266 3425 416 3490 Fidelibus,
436 3428 497 3478 tum
517 3442 583 3478 vero
604 3424 691 3478 etiarn
711 3423 747 3476 ab
766 3420 914 3490 Episcopis
942 3423 1008 3473 sont
1036 3435 1113 3473 reve·

145 3517 243 3578 reuda,
263 3514 343 3570 salvo
362 3513 431 3584 ipsis
450 3515 518 3578 iure,
539 3512 696 3581 siquando
716 3511 841 3566 rationes
860 3509 1022 3578 suspicandi
1049 3525 1113 3576 sup·

146 3609 257 3673 petant,
276 3603 415 3659 Nuntium
435 3621 503 3658 suae
522 3601 663 3658 missionis
683 3600 818 3656 terminos
836 3599 1037 3668 praetergredi,
1050 3615 1114 3652 suo·

147 3711 201 3763 que
221 3693 322 3763 Legati
341 3709 455 3748 munere
475 3692 563 3757 abuti,
584 3692 620 3746 ad
640 3691 669 3746 S.
692 3690 793 3745 Sedens
822 3688 1013 3758 coniugiendi.
1037 3687 1112 3753 Quo-
