2812 4268
304 280 369 327 GAP.
394 279 425 326 11.
449 279 499 326 DE·
513 277 683 326 Bannrlorls
705 276 939 325 nocnnsmsrlols
1051 273 1106 328 363

185 479 282 542 1047.
299 479 399 542 -11.
417 479 621 553 Sauconnam,
638 497 718 561 quae
733 477 851 542 eleriois
874 477 1103 542 saecularibus:

137 577 397 652 0100000001,
422 595 500 658 quae
527 575 645 640 eleriois
675 575 870 660 regularibus
895 571 973 640 'sunt
1003 575 1106 640 eonfe-

136 675 242 738 renda.

184 771 281 836 1048.
309 807 351 818 -
373 772 430 836 ΙΙΙ.
455 770 756 846 0001010000οΑ,
781 772 830 835 vel
853 789 1013 837 sinemuri.
1043 769 1104 834 00

136 875 210 934 rata
229 871 344 934 habent
367 869 546 934 adiunctam
562 889 668 934 euram
684 871 870 934 animarum.
887 868 1040 950 Duplicia
1055 869 1105 933 vel

136 967 392 1041 iurisdietionem,
417 967 465 1031 vel
499 965 755 1048 praecedentiam,
779 967 829 1031 vel
859 967 1106 1031 administratio*

137 1065 293 1139 namuel
319 1065 518 1130 residentiam
544 1065 744 1129 honorificam
775 1064 890 1128 habent
914 1065 1119 1152 0010001010.

136 1163 186 1226 uti
210 1163 284 1226 sunt
308 1163 479 1244 parochiae,
504 1163 683 1246 dignitates,
719 1165 912 1245 personatur,
938 1162 1048 1237 officia,
1074 1165 1107 1227 et

132 1261 336 1327 eanonioatus
359 1260 581 1325 residentiales.
607 1259 770 1340 Simplicio
786 1261 826 1324 ad
844 1261 944 1324 solum
963 1260 1104 1324 divinum

134 1379 262 1425 servum
286 1359 450 1440 pertinent.

184 1458 281 1520 1040.
305 1493 349 1502 -
373 1456 426 1520 lV.
451 1455 614 1531 11000001,
638 1475 717 1538 quae
740 1457 938 1520 conferuntur
968 1475 1021 1539 per
1043 1455 1106 1521 ele·

133 1557 272 1620 ctionem
296 1554 434 1637 Capituli
451 1574 469 1618 0
486 1553 646 1637 Superiora
672 1553 903 1630 confirmatam
929 1571 1105 1632 conmuni,

134 1671 217 1736 quae
240 1652 439 1718 conferuntur
455 1671 507 1734 per
522 1653 652 1717 liberam
676 1651 848 1735 Superioris
872 1653 1105 1730 auotoritatem,

133 1753 187 1817 vel
210 1769 400 1828 Personam,
424 1769 503 1834 quae
526 1752 566 1816 ad
589 1751 792 1834 patronorum
827 1752 1104 1834 praesentationem

133 1851 346 1916 conferuntur.
372 1887 416 1896 -
440 1851 502 1917 ofr.
528 1850 644 1934 Segia,
669 1849 792 1914 Devoti.

186 1949 281 2012 1050.
305 1984 349 1994 --
372 1947 471 2012 Noni.
496 1949 520 2011 Ι.
545 1949 677 2012 Maiora
701 1947 849 2028 beneficio
883 1949 1038 2012 communi
1059 1949 1106 2012 00-

134 2047 245 2128 mepieii
270 2046 393 2110 nomiae
417 2067 480 2110 nore
503 2045 822 2126 comprehendantur:
847 2046 920 2127 quin
944 2065 982 2109 oe
1005 2046 1105 2127 clippi

135 2146 215 2208 tatis
238 2145 361 2224 quidem
383 2143 539 2220 vocabulo,
563 2163 634 2208 oum
669 2145 774 2225 potius
797 2144 860 2207 sint
883 2145 984 2226 apices
1008 2143 1106 2227 digni·

135 2243 253 2306 tatum.
277 2243 429 2325 (Devoti).

185 2341 280 2405 1051.
305 2377 348 2388 --
372 2341 413 2404 ll.
436 2340 465 2404 A
488 2340 612 2404 saeculo
635 2339 730 2403 tertio
754 2339 890 2404 Eoolesia
914 2338 1024 2402 habuit
1047 2338 1106 2402 ole-

133 2439 227 2515 01000,
253 2457 384 2521 quorum
408 2440 532 2502 tantum
557 2439 625 2502 erat
648 2436 743 2501 altari
766 2437 879 2500 servire
894 2439 925 2500 et
949 2455 1044 2513 orare,
1068 2439 1107 2500 ut

134 2537 319 2600 constater
345 2537 435 2620 Cypr.
460 2555 506 2618 ep.
536 2539 562 2599 1.

186 2635 282 2697 1052.
305 2671 350 2680 -
376 2635 499 2700 Erectio
525 2633 750 2699 beneficiorum
776 2637 924 2696 astartae
949 2633 1107 2714 lepitirrus

52 2720 55 2725 ’
135 2751 199 2812 qao
220 2732 341 2796 reditus
362 2732 465 2795 annui
497 2732 730 2797 constituuntur
751 2730 862 2795 clerieo
879 2736 1010 2811 propter
1032 2729 1103 2810 offl-

135 2831 221 2896 eium
242 2827 418 2910 spirituale.
436 2867 479 2876 «-
501 2829 551 2893 An
574 2847 639 2894 nnn
662 2847 731 2893 nrrn
755 2845 984 2893 esurrernunnru
1007 2829 1106 2910 requi-

135 2928 219 2992 ritur
240 2928 266 2991 I.
291 2927 449 3008 Lepitimo
478 2927 657 3007 Superioris
692 2925 891 2990 ecelesiastici
923 2927 1105 2990 auotoritas.

136 3026 278 3090 Romano
301 3024 445 3089 Pontiiioi
467 3027 625 3090 reservata
642 3025 690 3088 est
705 3025 817 3088 ereetio
840 3025 995 3088 maiorum
1019 3023 1106 3088 bene·

136 3122 296 3198 fioiorum3
321 3122 360 3186 ad
384 3123 570 3204 Episoopum
593 3123 713 3204 spectat
745 3121 858 3186 ereptio
888 3120 1103 3186 beneficiorum

139 3221 305 3286 minorum.

185 3319 281 3384 1053.
307 3355 350 3364 -
373 3318 414 3380 ΙΙ.
432 3317 568 3392 Titulus,
585 3318 672 3382 euius
696 3317 820 3382 nomine
836 3315 1030 3400 significatur
1044 3337 1106 3382 non

138 3418 239 3483 solum
264 3415 390 3480 eeclesia
403 3416 434 3480 in
451 3435 512 3498 qua
528 3415 709 3480 beneficium
732 3416 872 3498 erigitur,
886 3433 992 3478 uerum
1009 3415 1105 3494 etiam

137 3515 240 3598 ipsum
265 3511 400 3578 officium
417 3513 579 3596 spirituale
596 3512 679 3594 quod
694 3513 726 3576 in
741 3531 777 3576 ea
793 3511 1004 3576 beneficiarius
1022 3512 1107 3576 obire

138 3612 238 3678 debet.
