2750 4270
304 227 357 280 248
588 199 764 274 naimarus
788 228 826 272 nn
850 226 996 274 ransorus

304 425 341 491 de
365 424 501 491 Reform.
526 425 586 490 Ubi
612 426 697 509 viget
720 425 923 498 consuetudo,
941 427 978 488 ut
1001 444 1108 489 omnes
1125 423 1263 490 Canonici

304 525 367 589 sint
391 523 575 600 sacerdotes,
602 524 719 586 mutari
742 540 803 587 non
828 523 943 604 potest.

351 622 425 685 717.
458 659 502 668 -
533 621 589 684 Ill.
623 621 756 684 Eximio
791 622 873 684 vitoe
908 621 1085 700 intepretes
1120 641 1191 686 sess.
1214 621 1261 696 24,

303 739 370 801 cap.
391 720 449 782 12:
471 743 488 777 «
505 718 548 784 Ut
572 738 607 783 ea
632 719 815 802 integritate
839 737 961 783 morum
986 720 1136 801 polleant,
1152 721 1187 784 ut
1207 739 1263 782 me

303 817 365 881 rito
381 817 534 882 Ecclesiae
559 818 686 880 senatus
702 816 763 878 dici
786 817 953 898 possint».
979 817 1062 900 Ergo
1086 818 1261 902 gravissime

304 916 408 978 errant
433 914 485 996 qui
515 913 608 977 huius
633 914 771 986 muneris
802 913 966 978 commoda
989 915 1115 978 tantuna
1139 913 1261 978 conside

303 1013 418 1088 rantes,
436 1011 653 1076 canonicatum
678 1010 842 1074 temerario
859 1013 891 1073 et
907 1011 1052 1077 humanis
1068 1012 1177 1076 mediis
1193 1010 1261 1075 obti-

305 1127 375 1172 nere
399 1109 611 1190 praesumunt.

302 1268 304 1272 ,
351 1205 425 1268 718.
436 1242 479 1251 -
493 1205 645 1269 lV.Unde
657 1205 753 1282 Trid,
767 1225 840 1270 sess.
855 1207 908 1282 24,
922 1226 989 1288 cap.
1005 1209 1057 1284 12,
1068 1209 1105 1272 de
1121 1207 1259 1282 Reform,

305 1299 373 1368 aits
390 1329 406 1361 ‹<
423 1301 500 1368 Cum
525 1303 694 1386 dignitates
719 1304 750 1367 in
775 1304 930 1380 Ecclesiis,
955 1306 1136 1386 praesertim
1162 1303 1263 1369 (latha

304 1402 453 1476 dralibus,
467 1399 506 1465 ad
519 1401 760 1465 conservandam
777 1402 1013 1486 augendamque
1030 1403 1264 1468 ecclesiasticam

304 1500 499 1582 disciplinam
524 1500 638 1564 fuerint
661 1500 835 1575 institutae,
860 1501 897 1563 ut
922 1501 973 1581 qui
1005 1520 1058 1565 cas
1089 1501 1264 1576 obtinerent,

304 1597 421 1680 pietate
452 1597 680 1682 praecellerent,
706 1597 837 1678 aliisque
868 1600 1007 1683 exemplo
1040 1601 1266 1680 <assertaque

305 1695 470 1778 Episcopos
495 1715 594 1778 opere,
612 1696 643 1758 ct
659 1695 760 1759 officio
777 1695 938 1768 iuvarent;
964 1699 1076 1762 merito
1097 1699 1149 1778 qui
1164 1697 1203 1761 ad
1217 1715 1264 1760 eas

306 1795 466 1870 vocantur,
484 1792 563 1856 tales
585 1811 649 1856 esse
666 1792 786 1868 debent,
804 1794 929 1874 quisue
946 1793 1067 1858 muneri
1091 1794 1264 1876 respondere

306 1892 472 1972 possint».

353 1987 427 2052 719.
444 2026 487 2034 -
511 1989 549 2050 V.
578 1986 724 2052 Canonici
751 1987 880 2052 scientia
907 1990 939 2052 et
970 1989 1108 2052 doctrina
1136 1989 1176 2062 ad
1201 2007 1263 2072 pro·
1340 2039 1341 2042 ,

305 2086 408 2168 prium
431 2106 544 2150 munus
567 2086 626 2150 rite
658 2087 867 2167 exequendum
896 2087 1029 2168 praediti
1052 2106 1118 2150 esse
1142 2087 1261 2152 debent:

305 2185 337 2248 et
368 2185 547 2266 Episcopus,
580 2185 607 2248 si
642 2183 728 2260 velit,
763 2201 815 2248 eos
845 2184 884 2248 ad
919 2203 1045 2249 examen
1078 2204 1187 2249 vocare
1215 2204 1262 2267 po·

305 2283 377 2360 test,
401 2284 567 2364 antequam
603 2281 642 2345 ad
677 2281 815 2344 beneficii
851 2283 1075 2364 possessionem
1109 2281 1261 2346 admittat.

304 2379 485 2444 Tridentina
509 2378 648 2463 Synodus
671 2377 786 2442 ibidem
810 2381 965 2461 peroptat,
994 2404 1011 2438 «
1036 2381 1073 2442 ut
1096 2379 1127 2442 in
1151 2379 1261 2462 provin·

304 2477 360 2540 ciis
376 2478 429 2540 ubi
452 2478 484 2542 id
507 2475 665 2541 commode
689 2475 756 2540 fieri
779 2479 892 2558 potest,
911 2477 1083 2561 dignitates
1108 2496 1222 2554 omnes,
1237 2476 1261 2540 ct

305 2575 418 2640 saltem
442 2575 570 2639 dimidia
602 2595 673 2657 pars
705 2575 944 2639 canonicatuum
973 2575 1007 2638 -in
1032 2574 1260 2640 cathedralibus

305 2673 448 2738 Ecclesiis
472 2675 503 2736 et
520 2671 702 2757 Collegiatis
726 2673 909 2756 insignibus,
927 2673 1126 2737 conferantur
1146 2675 1259 2737 tantum

305 2772 465 2856 magistris
482 2771 532 2835 vel
547 2771 735 2846 doctoribus,
753 2771 920 2834 autetiam
940 2771 1110 2834 licentiatis
1127 2771 1159 2834 in
1174 2771 1260 2834 Theo-

305 2867 391 2951 logia
415 2867 463 2932 vel
486 2867 557 2931 lure
582 2866 735 2932 Canonico
753 2892 784 2929 ».

353 2966 427 3029 720.
442 3003 485 3012 -
499 2966 606 3032 Officia
624 2966 866 3032 canonicorum.
880 3003 922 3010 —
936 2967 961 3028 l.
977 2962 1157 3043 Praecipua
1171 2961 1257 3027 Cano

304 3065 447 3127 uicorum
470 3062 577 3143 officio
600 3065 690 3127 sunt:
718 3062 750 3126 1⁰
767 3063 871 3126 Alteri
888 3081 923 3126 ao
940 3062 1045 3126 divino
1063 3062 1162 3126 cultui
1179 3063 1258 3125 inser-

306 3161 388 3237 vire3
413 3163 447 3224 2⁰
463 3162 499 3225 ln
522 3161 659 3225 Ecclesia
684 3161 813 3224 alternis
836 3160 938 3224 choris
961 3159 1104 3222 divinum
1128 3158 1256 3223 Officium

303 3277 422 3334 cancre,
440 3259 530 3340 quod,
543 3259 580 3322 ut
604 3259 705 3340 inquit
729 3255 871 3339 Synodus
894 3255 1087 3332 Tridentina,
1105 3257 1202 3320 lacera
1216 3267 1256 3334 per

307 3375 339 3421 so
362 3358 445 3438 ipsos
468 3357 589 3433 debent,
614 3374 675 3420 non
693 3376 754 3434 per
776 3354 980 3429 substitutos;
1004 3353 1040 3415 3⁰
1064 3352 1122 3416 Cui
1153 3345 1254 3416 muneri

307 3456 344 3518 ut
367 3453 572 3532 satisfaciant,
596 3453 708 3518 debent
732 3445 878 3517 Canonici
902 3452 932 3514 in
957 3451 1022 3515 suis
1046 3451 1191 3516 Ecclesiis
1210 3449 1254 3511 im·

304 3553 434 3628 morari,
452 3571 504 3616 seu
528 3552 674 3616 residere.
688 3589 730 3598 -
747 3550 839 3614 Unus
866 3550 899 3614 1ο
923 3547 1061 3632 Singulis
1085 3549 1174 3612 annis
1196 3543 1252 3628 ipsis

306 3650 402 3714 datur
418 3651 555 3732 spatium
579 3650 674 3713 trium
699 3649 862 3725 mensium,
879 3666 940 3730 quo
957 3647 1064 3711 abesse
1086 3643 1211 3729 possunt
1223 3637 1252 3703 ab
