2856 4276
523 277 750 326 PROLEGOMENA

147 377 308 381 .-.--.-
321 377 325 380 .
346 377 353 379 -
387 375 421 380 ..-
438 373 616 380 ..ψη-ῳ...-

146 479 250 542 ciuilio
264 502 296 552 »ς
321 479 563 560 respondendum
579 499 650 542 oum
670 477 847 542 doctissimo
870 475 993 551 Wemz,
1013 475 1114 540 1.4o:

148 577 200 640 lus
224 577 469 640 ecclesiasticum
492 578 606 641 dicitur
647 603 664 634 «
688 577 740 639 lus
768 575 917 650 diuinam,
957 576 989 638 et
1024 595 1115 640 sensu

146 674 258 738 stricto
283 673 418 755 quidem,
435 675 462 737 si
478 675 517 737 ab
540 675 607 756 ipso
630 673 695 738 Deo
719 673 898 738 immediate
927 676 974 738 est
1001 674 1117 738 emata-

150 775 252 834 tntom
283 773 339 835 aut
363 790 398 835 ex
421 772 616 836 institutione
647 771 782 854 quadam
814 771 918 836 divina
942 773 1116 836 necessario

148 868 335 943 clodomirum·
370 887 460 932 sensu
484 887 553 932 vero
587 869 704 944 latiori,
728 871 880 950 quatenus
903 871 942 934 ab
966 870 1116 934 ecclesia-

149 966 229 1028 stiea
252 967 408 1047 potestate
432 965 583 1029 diviuitas
606 967 763 1043 instituta,
780 965 846 1048 ipso
864 965 979 1049 Spiritu
1003 966 1117 1032 Sancto

152 1172 259 1227 minum
281 1173 415 1227 societate
434 1173 551 1228 libertas
572 1174 630 1227 veri
649 1172 771 1227 nominis
790 1191 846 1226 non
866 1175 910 1227 est
928 1172 957 1226 in
971 1189 1003 1227 eo
1023 1173 1116 1240 posita

150 1265 183 1316 ut
203 1279 273 1331 agas
293 1263 369 1330 quod
387 1264 474 1321 lubet,
494 1281 528 1318 ex
547 1281 603 1332 quo
622 1264 668 1318 vel
687 1263 811 1318 maxima
832 1264 967 1318 existeret
985 1262 1069 1316 turba
1087 1265 1119 1316 et

151 1351 282 1406 confusio
309 1353 337 1406 in
358 1354 568 1422 oppressionem
587 1353 713 1407 civitatis
732 1369 869 1416 evasura;
889 1351 986 1406 sedin
1005 1352 1067 1410 hoc,
1085 1355 1120 1406 ut

151 1458 202 1508 per
221 1443 299 1510 leges
319 1441 417 1496 civiles
437 1441 595 1510 expeditius
617 1443 706 1510 possis
726 1441 878 1496 secundnm
897 1440 969 1510 legis
984 1445 1119 1497 aeternae

152 1533 329 1598 praescripta
348 1531 452 1586 vivere,
472 1532 576 1586 Eorum
595 1549 661 1586 vero
681 1531 730 1600 qui
741 1534 884 1600 praesunt,
898 1547 953 1585 non
969 1530 998 1583 in
1014 1547 1046 1585 eo
1061 1531 1119 1586 sita

152 1620 270 1676 libertas
299 1626 351 1680 est,
371 1625 402 1676 ut
420 1622 559 1691 imperare
587 1627 692 1678 temere
712 1627 740 1677 et
768 1623 804 1676 ad
826 1622 973 1676 libidinem
1002 1626 1116 1690 queant.

152 1711 229 1779 quod
248 1711 355 1778 pariter
373 1713 545 1782 flagitiosum
565 1717 639 1766 esset
659 1717 687 1767 et
706 1729 768 1766 eum
789 1729 899 1766 summa
918 1711 1005 1766 etiam
1024 1712 1119 1780 reipu-

151 1800 244 1854 blicae
264 1800 388 1868 pernicie
407 1802 586 1856 coniunctum
593 1825 600 1867 ;
615 1803 664 1855 sed
679 1803 862 1856 humanarum
879 1802 920 1854 vis
933 1801 1027 1870 legum
1047 1802 1118 1856 haec

152 1890 237 1945 debet
257 1907 325 1954 esse,
345 1895 378 1944 ut
397 1893 432 1945 ab
452 1895 569 1946 aeterna
596 1892 658 1960 lege
686 1909 800 1946 manare
829 1891 1035 1960 intelligantur,
1065 1907 1118 1946 nec

151 1981 308 2050 quidquam
328 1981 438 2035 sancire
463 1981 537 2050 quod
557 1999 612 2036 non
632 1983 661 2034 iu
681 1999 723 2047 ea,
742 1982 830 2036 veluti
850 1982 878 2034 in
897 1979 1036 2050 principio
1056 1981 1117 2034 uni·

151 2067 227 2121 versi
246 2068 323 2131 iuris,
355 2068 541 2122 contineatur.
575 2067 788 2136 Sapientissime
816 2068 1006 2137 Augustinus:
1027 2066 1120 2122 Simul

153 2161 237 2214 etia-m
255 2167 282 2214 te
299 2159 393 2214 uidere
419 2162 547 2220 arbitror,
566 2163 596 2215 ia
616 2161 669 2216 illo
696 2163 841 2230 temporali
860 2161 942 2230 (depe)
960 2162 1034 2215 nihil
1061 2177 1118 2216 esse

151 2249 255 2303 iustam
275 2256 357 2316 atque
376 2250 527 2318 lepitimam
538 2240 618 2317 'qood
637 2267 694 2305 aaa
713 2269 746 2306 ea
764 2253 817 2306 lece
835 2259 950 2305 aeterna
969 2249 1049 2320 (depe)
1064 2251 1119 2304 eibi

151 2343 276 2396 hmines
293 2342 455 2397 derivarint.
477 2342 505 2396 Si
527 2344 595 2410 quid
620 2342 709 2412 igitur
727 2344 763 2397 ab
782 2343 879 2412 aliqua
897 2347 1039 2411 potestate
1055 2359 1118 2397 san·

152 2431 253 2492 cietur,
273 2431 348 2499 quod
371 2449 386 2484 a
413 2432 559 2502 principiis
587 2437 682 2487 rectae
709 2433 827 2488 rationis
859 2432 1003 2498 dissideat,
1024 2433 1118 2501 sitque

152 2522 325 2590 reipublicae
345 2523 541 2590 perniciosum,
555 2523 612 2576 vim
627 2524 698 2594 legis
717 2523 825 2577 nullam
839 2523 965 2582 haberet,
985 2523 1052 2592 quia
1065 2539 1117 2577 nec

152 2612 252 2680 regula
271 2612 398 2666 iustitiae
417 2616 499 2676 esset,
519 2616 547 2667 et
565 2614 693 2668 homiues
713 2631 730 2667 a
748 2613 821 2668 bono
841 2613 886 2666 cui
905 2617 974 2667 nata
993 2613 1115 2668 societas

152 2705 204 2758 est,
224 2701 384 2755 abduceret.

191 2787 202 2810 “
225 2789 337 2842 Natura
355 2787 444 2858 igitur
470 2789 611 2844 libertatis
639 2791 788 2854 humanae,
808 2806 983 2858 quocumque
1011 2789 1041 2842 in
1068 2807 1120 2860 ge-

153 2895 220 2933 nere
240 2877 441 2937 consideretur,
463 2879 572 2932 tamin
591 2879 717 2947 personis
746 2879 865 2950 singulis
892 2897 976 2947 quam
1005 2880 1117 2934 incon·

154 2968 278 3032 sociatis,
298 2985 350 3023 nec
368 2968 460 3022 minus
479 2969 509 3022 in
528 2969 563 3022 iis
589 2971 638 3038 qui
666 2969 809 3038 imperant
837 2987 921 3038 quam
948 2970 977 3023 in
1005 2970 1040 3022 iis
1069 2972 1118 3038 qui

156 3061 264 3126 parent,
287 3057 486 3113 necessitatem
519 3059 716 3127 complectitur
748 3058 963 3126 obtemperandi
992 3075 1119 3113 summae

155 3148 266 3202 cuidam
286 3151 474 3216 aeternaeque
494 3149 606 3213 rationi,
626 3167 699 3217 quae
717 3149 790 3204 nihil
804 3153 848 3204 cst
861 3149 938 3202 aliud
956 3148 1011 3202 nisi
1025 3152 1118 3203 aucto·

155 3237 224 3292 ritas
244 3238 378 3303 iubentis,
397 3239 522 3292 vetantis
542 3239 602 3293 Dei.
623 3239 716 3308 Atque
736 3239 788 3293 hoc
815 3238 1000 3292 iustissimum
1020 3239 1049 3291 in
1068 3239 1119 3292 ho·

155 3328 245 3382 iuines
263 3329 412 3396 imperium
433 3329 485 3384 Dei
503 3333 616 3384 tanturn
636 3330 717 3385 abest
735 3333 768 3384 ut
785 3329 946 3384 libertatem
966 3328 1051 3384 tollat
1070 3331 1122 3383 aut

154 3416 314 3471 ullomodo
334 3416 483 3476 diminuat,
501 3420 534 3470 ut
553 3417 647 3486 potius
676 3421 797 3480 tueatur,
818 3433 851 3470 ac
870 3416 1007 3484 perficiat.
1034 3416 1120 3470 Suum

156 3506 260 3574 quippe
278 3507 364 3562 finem
384 3507 543 3562 consectari
557 3511 586 3562 et
605 3508 726 3576 assequi,
747 3507 871 3562 omnium
891 3510 1058 3560 naturarum
1078 3509 1123 3560 est

155 3615 222 3652 vera
240 3598 394 3667 perfectio:
415 3615 560 3666 supremus
580 3601 675 3652 autern
694 3599 766 3665 finis,
782 3615 837 3666 quo
857 3599 974 3652 libertas
994 3597 1122 3666 aspirare

157 3687 238 3744 debet
257 3689 390 3754 humana,
411 3687 485 3742 Deus
505 3691 556 3743 est·
579 3729 589 3752 ,
