2856 4276
512 249 739 296 Paonaoonuxa
1067 247 1098 302 31

901 344 982 350 ——-
988 345 995 350 .
1002 345 1102 352 .—

141 449 203 513 Leo
219 449 308 524 XIII,
334 447 414 511 Erec.
438 447 619 512 Immortule
635 447 711 531 Da)
727 448 848 513 civilem
875 449 997 514 vivendi
1013 449 1104 514 disei-

138 547 257 629 pIinam
274 546 399 610 aliunde
414 547 526 629 petere,
544 565 637 628 quam
650 565 685 610 er
701 547 858 622 doctrinis,
876 567 952 629 quas
968 547 1117 626 talesia,

137 644 294 708 catholica
314 643 434 725 probat.
450 643 549 708 Immo
572 645 727 726 postremo
744 643 799 709 hoo
823 647 958 728 tempore
981 665 1102 722 nonum,

137 740 176 802 nt
198 739 360 822 appellant
382 740 441 814 ius,
466 738 549 820 qnod
572 739 716 820 inquiunt
743 757 807 804 esse
835 741 921 804 velut
948 739 1104 822 quoddam

136 837 243 902 adtriti
263 837 328 902 iam
348 837 462 902 saeculi
481 837 714 913 incrementum,
731 838 944 922 progrediente
959 838 1105 904 libertate

138 936 277 1019 partum,
291 935 393 999 valere
405 953 441 998 ac
453 935 605 999 dominari
636 935 752 1016 passim
778 935 888 1018 coepit.
917 935 975 1000 Sed
999 953 1106 1017 quam·

136 1033 259 1096 trnmvis
276 1033 377 1096 multa
392 1032 487 1096 multi
509 1031 678 1114 periclitati
701 1033 784 1108 sunt,
800 1034 933 1110 constat,
951 1034 1104 1115 repertam

138 1149 311 1212 numquam
329 1148 393 1194 esse
409 1129 663 1211 praestantiorem
679 1130 911 1194 constituendae
935 1131 1105 1213 temperan-

136 1227 258 1308 daeque
290 1227 428 1292 civitatis
458 1227 621 1303 rationem,
646 1246 740 1308 quam
764 1247 841 1309 quae
864 1228 904 1292 ab
926 1227 1104 1312 evangelica

137 1326 284 1390 doctrina
308 1326 416 1407 sponte
432 1325 606 1388 efflorescit.
622 1349 640 1384 ›

184 1424 239 1486 34.
257 1460 303 1469 -
318 1420 463 1490 [ectasin
486 1425 540 1490 est
565 1421 665 1490 iibere
687 1425 723 1490 et
746 1419 896 1508 perfecte
919 1422 1067 1492 societas
1081 1421 1103 1487 ¹.

137 1559 183 1568 -
198 1522 325 1586 Etenim
340 1522 388 1586 est
399 1521 430 1585 in
440 1541 471 1586 se
483 1521 647 1603 completa,
656 1521 772 1587 habens
783 1521 816 1585 in
827 1523 991 1604 semetipsa
1002 1520 1105 1586 media

135 1737 226 1790 quem
247 1722 363 1785 docere;
388 1721 616 1775 Ecclesiasticam
647 1720 768 1775 formam
787 1721 875 1790 sequi,
895 1739 952 1776 non
972 1721 1036 1774 hnic
1056 1721 1104 1775 hn-

138 1811 267 1866 manitus
299 1811 441 1878 sequenda
460 1811 522 1865 iura
541 1810 705 1879 praefigere.
723 1827 814 1878 neque
833 1811 892 1865 eius
911 1811 1105 1866 sanctionibus

137 1898 214 1953 velle
234 1899 383 1965 dominari,
403 1899 480 1952 cuins
500 1898 667 1952 clementiae
687 1897 761 1952 Deus
781 1897 870 1954 voluit
889 1903 955 1953 tuae
974 1898 1039 1966 piae
1061 1899 1106 1954 de·

137 1988 265 2043 sotionis
285 1988 359 2042 coila
377 1988 556 2043 submittere:
570 2005 613 2052 ne,
628 1988 694 2042 dum
713 2004 844 2042 mensure
866 1987 995 2042 coelestis
1014 1983 1106 2055 dispo·

136 2075 253 2130 sitionis
279 2075 431 2141 exceditur,
451 2078 533 2130 eatur
550 2075 580 2128 in
600 2075 801 2130 contumeliam
829 2075 1006 2143 disponentis
1031 2074 1104 2144 (cap.

137 2163 263 2228 Certum,
284 2165 308 2218 3.
328 2165 355 2220 d.
377 2162 431 2231 10).

209 2255 236 2321 f)
257 2253 479 2309 Constitutiones
499 2258 600 2308 contra
617 2271 748 2318 oenones,
762 2257 791 2308 et
809 2254 923 2308 decreta
941 2253 1104 2308 Praesulum

139 2344 341 2408 Romanorum,
362 2343 407 2398 vel
425 2345 513 2398 bonor
541 2361 640 2408 mores,
660 2344 764 2398 nullius
784 2348 850 2398 sunt
869 2343 1005 2398 momenti
1029 2344 1104 2411 (cap.

138 2432 348 2489 Constitutione
366 2435 391 2486 4.
412 2433 438 2487 d.
460 2431 512 2500 10).

211 2524 241 2594 y)
261 2525 414 2592 Imperium
434 2527 557 2578 vestrum
578 2523 635 2578 suis
657 2523 788 2592 publicae
806 2523 846 2578 rei
866 2521 1039 2592 quotidianis
1055 2521 1106 2574 ad-

140 2613 400 2668 ministrationibus
429 2613 513 2667 debet
532 2629 593 2668 esse
612 2616 784 2676 contentum,
804 2630 861 2666 non
880 2629 1014 2680 usurpare
1034 2627 1106 2678 quae

139 2706 342 2762 Sacerdotibus
363 2704 477 2758 Domini
497 2704 586 2759 solum
616 2705 787 2759 conveniunt
812 2700 887 2772 (cap.
908 2704 1061 2772 Imperium
1080 2704 1105 2756 5.

135 2795 165 2848 d.
189 2789 242 2861 10).

214 2884 243 2950 b)
264 2882 409 2937 Canonurn
423 2885 533 2937 statuta
545 2879 739 2936 custodiantur
758 2881 794 2934 ab
813 2880 950 2936 omnibus.
971 2880 1006 2934 Et
1025 2896 1106 2934 nemo

139 2972 170 3025 in
190 2972 350 3026 actionibus
364 2971 411 3025 vel
429 2970 540 3025 iudiciis
560 2969 765 3024 Ecclesiasticis
781 2987 830 3024 suo
844 2986 935 3036 sensu,
949 2969 997 3024 sed
1010 2985 1105 3023 eorum

138 3061 315 3116 auctoritate
335 3061 455 3115 ducatur
475 3059 553 3128 (Cap.
576 3059 721 3114 Cononem
742 3060 766 3114 1.
780 3058 832 3113 lib.
859 3060 883 3124 l,
901 3059 946 3112 tit.
966 3057 1007 3121 2).

150 3209 152 3216 s
213 3147 235 3220 i)
255 3151 299 3204 Ne
318 3151 450 3204 innitaris
470 3150 638 3219 prudentiae
657 3153 731 3204 tuae.
760 3148 929 3204 Prudentiae
948 3164 1016 3202 sune
1035 3145 1109 3200 inni·

138 3240 220 3304 titur,
239 3241 287 3308 qui
300 3257 343 3299 ea,
357 3239 498 3308 quaesibi
512 3239 623 3308 agenda
636 3239 681 3292 vel
697 3238 816 3294 dicenda
835 3237 976 3297 videntur,
990 3235 1107 3289 Petrum

138 3329 262 3384 decretis
281 3329 432 3398 praeponit
452 3328 530 3397 (Cap.
551 3329 596 3383 Ne
614 3329 747 3382 {unitatis
765 3327 789 3380 5.
809 3327 858 3382 111).
878 3327 965 3382 1.111.
986 3325 1027 3388 2).

192 3415 300 3472 ‘Haec
330 3417 459 3481 societas,
492 3415 620 3485 quamvis
653 3433 687 3470 ex
715 3414 874 3470 hominibus
903 3416 1022 3478 constet,
1053 3431 1110 3468 non
1134 3425 1135 3432 ’

144 3523 224 3561 secus
256 3523 289 3561 ec
322 3505 414 3560 civilis
445 3506 641 3565 communitas,
671 3508 768 3558 tamen
801 3507 916 3572 propter
944 3503 1028 3558 finem
1057 3502 1111 3557 sibi

146 3595 342 3656 constitutum,
362 3598 447 3664 atque
471 3595 668 3658 instrumenta,
688 3593 789 3662 quibus
803 3592 936 3646 adfinem
956 3591 1110 3658 contendit,

144 3681 370 3751 supernaturalis
389 3685 431 3736 est
451 3685 480 3736 et
500 3679 667 3749 spiritualis:
688 3683 774 3748 atque
792 3679 896 3734 idcirco
924 3677 1110 3747 distinguitur
