2856 4276
311 248 376 295 cle.
400 249 422 296 Ι.
447 249 485 296 DE
509 249 765 295 conclzcrlon'lncs
789 249 936 295 celerabat
1071 247 1108 298 73

134 441 224 504 inter
237 459 341 504 omnes
357 443 513 522 receptum
529 441 586 516 eet,
600 439 749 522 quidquid
774 441 804 503 iu
833 441 899 522 ipao
923 440 1107 516 continetur,

132 539 269 601 tantum
286 539 483 602 auctoritatis
501 539 621 614 habere,
639 541 788 618 quantum
814 557 848 600 ex
880 557 911 602 ae
939 537 1109 614 habuisset,

133 635 167 698 si
185 655 346 716 nunquam
364 637 394 698 in
421 634 563 700 Gratiani
588 635 774 698 Collectione
801 635 950 698 insertum
968 635 1046 698 foret
1078 659 1108 696 ».

133 732 271 813 (Bened.
291 733 377 805 XIV,
394 732 430 795 de
454 731 525 814 Syn.
551 731 645 796 dioec.
670 731 691 794 l.
711 732 740 805 7,
754 751 778 794 c.
800 733 851 806 15,
869 751 897 794 n.
916 733 960 805 lit.

190 830 263 892 192.
289 866 330 874 —
355 829 480 894 Berardi
506 828 714 892 eruditissime
737 831 806 912 agit
829 828 865 892 de
890 829 1018 892 Decreta
1035 831 1111 892 lira·

130 926 238 988 tiani:
255 945 385 990 canones
401 926 592 1008 apocryphos
608 927 707 1000 notat,
736 925 927 990 difficiliores
960 927 1110 1000 illustrat,

131 1023 304 1104 multaque
322 1023 413 1086 habet
431 1024 511 1086 scitu
529 1022 706 1086 utilissima.
725 1020 730 1058 ¹

190 1120 264 1182 193.
285 1157 329 1164 -
345 1117 561 1186 collectiones
576 1117 799 1188 llccrelallurn.
823 1157 868 1166 -
891 1117 973 1186 Ante
997 1117 1111 1202 eroon

135 1214 223 1282 lllllll
241 1213 276 1282 ΙΧ
291 1217 481 1295 prodierunt
502 1218 638 1296 quinque
661 1215 852 1280 collectiones
875 1217 1087 1280 Decretulr'um
1099 1238 1109 1280 .·

133 1315 169 1376 1³
195 1313 360 1378 Banunnm
383 1313 477 1378 Crncn
500 1313 662 1378 Perimam
680 1309 702 1388 ²,
742 1315 792 1394 qui
829 1334 878 1377 an.
913 1315 997 1377 lollii
1025 1315 1111 1378 erul-

133 1411 232 1493 gavit
255 1411 460 1474 Brccr'crr'nnn
498 1411 813 1491 acernaacerna
853 1410 997 1475 Continet
1033 1431 1110 1492 quae

135 1508 330 1572 Gratianum
344 1510 524 1590 effregerant,
537 1511 568 1572 et
581 1507 713 1572 Constit.
728 1511 798 1590 post
811 1509 998 1572 Gratianum
1010 1509 1110 1574 editas

135 1625 240 1694 usque
264 1606 303 1668 ad
327 1604 535 1670 Coeleotinum
559 1605 616 1680 ΙΙΙ,
641 1608 671 1669 et
702 1625 834 1670 canones
859 1607 891 1669 t'.
921 1606 1023 1670 Later.
1053 1606 1109 1669 ΙΙΙ.

137 1729 158 1760 «
171 1702 258 1766 Haec
274 1703 428 1779 collectio,
442 1704 473 1766 in
483 1705 501 1766 5
511 1703 606 1766 libros
619 1702 728 1778 divisa,
739 1702 798 1766 fuit
812 1703 910 1766 veluti
926 1703 1111 1786 archetypus

188 1886 195 1917 ¹
214 1888 295 1942 Unda
308 1889 408 1944 merito
422 1893 504 1944 notat
516 1889 647 1942 Manebat
662 1889 778 1958 (prolep.
799 1891 859 1954 14):
890 1889 900 1912 “
918 1889 1045 1943 Canones
1065 1906 1114 1943 aeu

130 1981 235 2032 textus
244 1977 356 2031 Decreti
366 1979 516 2032 revocandi
527 1983 592 2032 sunt
603 1979 638 2032 ad
651 1979 827 2046 primaevam
838 1980 1038 2033 anctoritatem
1051 1996 1111 2032 nuo·

131 2085 199 2120 rum
221 2067 407 2128 conditorum,
424 2069 539 2130 scilicet,
555 2073 649 2121 textae
671 2068 833 2136 Scripturae
854 2069 889 2121 ad
910 2069 1111 2122 alletoritatem

131 2157 276 2220 divinam,
287 2159 382 2210 textus
397 2157 502 2226 legales
516 2157 683 2211 Pontificum
707 2160 736 2210 et
752 2155 940 2210 Conciliorum
961 2157 996 2210 ad
1016 2175 1111 2211 corum

133 2246 350 2312 auctoritatem,
363 2251 457 2302 textus
478 2247 620 2315 desumpti
640 2265 674 2301 ex
694 2248 753 2300 iure
773 2247 850 2300 civili
862 2247 897 2299 ad
912 2247 1112 2300 anctoritatem

134 2336 330 2404 imperialem
352 2343 384 2391 ut
403 2354 437 2390 ex
450 2337 511 2396 hoc',
528 2338 601 2405 quod
617 2341 758 2404 ponantur
773 2337 800 2388 in
815 2336 934 2391 Decreto
950 2355 1006 2390 non
1020 2354 1111 2390 cenae·

133 2430 226 2481 autur
244 2426 411 2480 canonizati.
427 2426 554 2494 Denique
569 2429 665 2479 textus
679 2425 794 2480 Patrum
815 2428 843 2478 et
857 2426 940 2478 multi
953 2429 1047 2479 textus
1062 2425 1109 2478 do-

133 2518 274 2572 ctrinales
294 2517 469 2578 Pontificum,
481 2517 530 2584 qui
545 2520 575 2570 ut
588 2517 692 2583 privati
708 2515 842 2570 Doctores
857 2516 1039 2584 scripserunt,
1055 2534 1111 2570 non

131 2607 329 2662 auntiuridice
342 2605 468 2665 decisivi,
481 2605 531 2659 sed
545 2605 675 2658 directivi
705 2623 754 2672 pro
780 2605 976 2667 instructione,
1001 2606 1054 2658 nisi
1070 2622 1111 2658 re·

133 2697 286 2766 pariantur
299 2714 316 2748 a
328 2695 398 2750 Sede
409 2696 575 2762 Apostolica
585 2694 735 2762 approbati
749 2694 840 2748 instar
851 2695 862 2746 Ι
867 2695 921 2748 uris
934 2695 1083 2748 Pontificii.
1098 2737 1108 2758 ,

134 2811 173 2819 --
188 2783 226 2836 m
245 2783 359 2851 quando
380 2781 530 2835 Decretum
550 2783 692 2850 allegatur
711 2799 728 2834 a
748 2781 795 2834 SS.
817 2780 1007 2845 Pontificibus,
1024 2779 1038 2803 “
1055 2782 1112 2835 ista

132 2873 273 2942 allegatio
293 2871 384 2930 laddit
403 2871 636 2929 clenentiam.)
651 2888 708 2924 non
724 2870 825 2924 tribuit
839 2872 974 2924 uiatorem
990 2871 1109 2924 auctori·
1210 2945 1214 2950 Ι

133 2967 241 3025 tatem,
253 2977 338 3029 qnam
352 2960 479 3014 cannones
494 2962 524 3014 in
536 2961 592 3014 suis
605 2961 789 3028 autographis
805 2960 937 3014 babeant.
951 2959 1030 3013 Unde
1046 2960 1111 3012 duur

132 3051 291 3106 Pontifices
313 3050 422 3118 aliquid
442 3051 569 3119 allegant
589 3065 622 3103 ex
643 3049 769 3112 Decreto,
792 3049 1005 3117 supponendum
1021 3051 1063 3100 est
1083 3048 1111 3100 id

133 3141 258 3210 reperiri
277 3141 308 3194 in
328 3141 428 3196 formis
448 3140 655 3204 anthenticia.,
678 3140 827 3194 Afortiori
842 3138 1040 3192 auctoritatem
1056 3155 1112 3191 uon

138 3232 251 3285 habent
270 3230 383 3285 Paleae.

107 3373 111 3378 .
184 3316 195 3344 ²
215 3319 280 3374 Non
294 3323 371 3374 certo
387 3321 503 3372 constat
517 3335 554 3371 an
565 3317 724 3371 Bernardua
736 3316 893 3385 Papiensia,
906 3333 987 3369 verus
1014 3318 1113 3369 auctor

132 3409 219 3463 istius
239 3409 425 3471 collectionis,
444 3408 483 3462 sit
501 3407 577 3461 idem
598 3424 631 3460 ac
651 3407 811 3460 bernardus
832 3405 922 3460 Circa.

184 3494 195 3522 ³
208 3497 302 3554 Tanta
313 3499 370 3553 t'cit
382 3498 514 3567 vulgatio
526 3497 637 3552 Decrcti
647 3497 785 3560 Gratiani,
799 3501 830 3550 ut
841 3496 978 3566 quidquid
1004 3495 1033 3548 in
1050 3496 1056 3547 i
1061 3513 1110 3563 pao

135 3605 194 3642 non
206 3589 407 3650 contineretur,
419 3580 559 3642 diceretnr'
579 3588 779 3656 cclcc-vapori.
791 3586 859 3640 Inde
873 3587 985 3654 signum
1000 3585 1030 3638 X
1044 3585 1072 3648 (i.
1087 3602 1110 3639 e.

135 3675 229 3740 extra)
248 3676 278 3730 in
298 3675 519 3744 allegationibus
540 3675 737 3728 Decretalinm
759 3673 888 3742 Gregorii
902 3674 949 3727 lX.
