2750 4270
310 225 375 273 CAP.
399 226 442 272 111.
468 225 507 272 DE
528 225 741 274 EPISCOPORUM
765 227 918 273 GRADIBUS
1050 225 1100 280 175

111 424 141 488 si
167 425 300 488 Romae
323 423 426 488 adsit:
462 444 515 507 per
551 426 780 506 procuratorem
815 444 897 502 vero,
933 427 961 490 si
994 425 1098 503 absit3

110 542 224 604 neque
250 523 382 605 pallium
406 523 434 587 ei
457 523 644 599 conceditur,
669 523 728 588 nisi
751 524 836 606 prius
859 523 1043 588 fidelitatem
1067 527 1099 589 et

111 621 337 685 obedientiam
353 640 427 705 erga
440 620 604 685 Summum
618 620 800 686 Pontificem
816 621 1014 686 iureiurando
1032 641 1098 705 spo·

112 719 272 802 penderit
295 717 440 802 (Soglia).

162 818 250 880 504.
278 853 320 864 -·
342 817 398 880 IV.
422 815 533 881 Pollio
557 819 603 879 ita
626 819 673 880 eet
694 817 878 880 adiunctum
902 837 1016 880 munus
1032 818 1099 882 Ar·

112 914 360 995 ellepiscopaa
396 919 440 992 ct,
466 936 500 978 eo
524 915 662 978 academ
684 919 816 994 accepto,
841 935 940 995 nepae
964 913 1099 978 Archio-

108 1013 248 1094 piscope'
271 1013 393 1093 quidem
413 1033 525 1076 acmen
541 1013 611 1093 quis
627 1016 794 1090 mereator,
818 1031 916 1094 neque
940 1013 1099 1096 Synodum

112 1111 351 1194 provincialem
374 1110 508 1175 indicere
531 1111 639 1192 possit,
660 1129 759 1191 neque
783 1109 917 1174 chrisme
941 1109 1098 1186 conficere

113 1229 226 1291 neque
254 1208 418 1290 llpiscopos
442 1227 630 1284 consecrare,
655 1227 752 1289 neque
776 1208 839 1271 alia
864 1208 948 1272 obire
971 1227 1099 1273 munera

115 1309 189 1372 sive
216 1307 457 1388 metropolitica,
482 1307 548 1372 sive
571 1305 765 1389 Episcopalia
789 1306 1004 1387 (penetremur
1028 1325 1099 1388 quo

116 1407 213 1470 niam
246 1404 378 1487 pallium
401 1404 495 1468 detur
517 1404 558 1468 ud
581 1405 778 1486 potestatem,
803 1404 857 1468 illo
882 1422 942 1468 non
966 1404 1099 1467 utuntur

115 1502 358 1584 Archiepiscopi
382 1521 464 1566 mere
489 1501 641 1566 illuderes.

168 1599 252 1662 505.
276 1635 320 1646 -
344 1598 381 1660 V.
406 1597 551 1663 Polliam
572 1598 667 1662 semel
687 1602 854 1678 occeptum,
871 1599 1034 1662 Personae
1049 1598 1094 1662 sic

117 1699 282 1786 inhaeret,
305 1703 342 1760 at
362 1697 457 1760 elteri
478 1697 666 1762 commodari
688 1717 751 1762 aon
770 1698 880 1779 possit,
904 1716 958 1761 nec
981 1696 1095 1761 transit

118 1797 165 1862 ad
191 1795 340 1860 haeredes
363 1795 537 1879 dignitatis,
569 1815 666 1878 neque
692 1795 947 1878 archiepiscopus
970 1795 1010 1859 ab
1032 1813 1094 1860 uno

120 1894 166 1959 ad
193 1893 291 1958 aliam
316 1892 425 1957 Sedem
450 1894 621 1957 translatus
644 1893 775 1976 pallium
799 1911 903 1958 secum
919 1892 1027 1968 defert,
1043 1891 1096 1956 sed

120 2011 248 2056 novum
271 2009 391 2073 semper
414 1992 581 2072 petendum
605 1993 670 2055 est:
704 1993 736 2055 et
765 1991 820 2055 ubi
843 1989 1099 2072 archiepiscopus

123 2089 254 2162 obierit,
279 2088 409 2170 pallium
434 2107 487 2152 seu
510 2089 617 2171 pallia,
641 2089 668 2153 si
691 2088 781 2171 plura
798 2089 958 2169 acceperit,
976 2107 1045 2151 cum
1063 2105 1098 2151 eo

123 2184 290 2250 humanda
313 2187 387 2249 sunt
412 2185 553 2269 (Soglia).

175 2285 254 2347 506.
278 2321 323 2330 —
355 2285 412 2346 Vl.
438 2284 573 2348 Pallium
604 2283 698 2348 datur
722 2285 885 2364 praesenti
912 2285 943 2346 in
968 2283 1050 2347 Urbe
1080 2299 1099 2344 a

124 2383 232 2466 primo
256 2383 392 2446 Diacono
416 2379 584 2457 (dandinafl,
607 2381 730 2445 absenti
753 2382 792 2446 ab
815 2382 920 2462 aliquo
944 2379 1098 2462 Archiepi-

126 2499 224 2561 scopo
249 2481 298 2542 oui
322 2497 463 2543 summus
486 2478 627 2542 Pontifex
650 2497 714 2542 rem
739 2481 896 2542 commisit
912 2478 1064 2560 (Devoti).

177 2577 254 2641 507.
279 2613 322 2624 —
346 2578 450 2642 llarie.
478 2613 516 2622 -
541 2577 566 2639 Ι.
591 2576 717 2642 Graecis
741 2577 899 2659 Episcopis
922 2596 1003 2641 nnnc
1019 2596 1098 2640 com·

127 2694 225 2740 mune
249 2674 380 2756 pallium
404 2676 461 2748 est,
486 2674 567 2755 quod
591 2675 713 2756 quidem
738 2674 800 2737 side'
822 2674 956 2738 saeculis
978 2673 1012 2737 cl
1015 2675 1098 2737 amos

134 2773 276 2838 Graecos
299 2792 375 2843 caeo
378 2775 424 2836 tos
446 2771 619 2851 Episcopos
641 2791 807 2852 arroposse
831 2772 928 2836 tradit
953 2771 1097 2846 Goarlus

131 2869 303 2954 Eucholog
321 2867 496 2933 Graeatit
455 2869 629 2951 ttllpist.
655 2869 788 2934 ordinat.
814 2889 842 2951 p.
871 2870 935 2931 312
961 2870 1098 2949 (Ueneti,

1 3022 2 3030 ,
132 2969 347 3050 p..-163)
307 2967 413 3030 -.Il
437 2967 573 3030 Pallium
597 2969 645 3032 cst
661 2967 701 3032 ad
717 2967 891 3048 exemplum
907 2985 1098 3030 summorum

135 3065 283 3130 Sacerdot
284 3084 337 3128 um
362 3067 413 3128 vet
414 3065 473 3128 eris
497 3065 585 3148 legis,
611 3066 663 3146 qui
687 3066 718 3129 in
731 3065 866 3224 tsignum
902 3067 974 3127 auct
961 3064 1099 3127 toritatis

134 3181 152 3226 a
175 3165 242 3228 Deo
267 3163 311 3226 eis
334 3180 495 3226 concessae
518 3163 682 3226 Rationale
713 3164 745 3226 et
768 3160 1026 3243 superhumerale
1056 3161 1099 3224 in·

134 3261 349 3326 duebant-
374 3257 436 3324 Onf
461 3258 496 3323 O.
520 3260 722 3323 Ferrari-
757 3259 814 3322 ΙΙΙ.
838 3259 971 3323 Honoris
994 3277 1097 3334 causa,

134 3358 165 3422 in
188 3358 326 3423 Ecclesia
350 3358 471 3432 Latina,
497 3357 718 3422 nonnullaet
686 3357 781 3422 etiam
805 3357 993 3440 episcopales
1012 3355 1099 3420 sedes

136 3457 299 3541 privilegio
319 3456 408 3538 pallii
431 3473 449 3520 a
474 3455 611 3520 Summis
633 3455 837 3520 Pontificibus
862 3455 992 3519 donatae
1016 3455 1098 3531 eunt,

136 3555 249 3637 absque
274 3557 378 3618 tamen
396 3554 581 3618 detrimento
598 3554 714 3617 inrinm
731 3553 959 3635 Metropolitae.
983 3551 1100 3635 Nuper·

136 3653 211 3716 rime
235 3653 365 3735 insignis
388 3652 515 3716 ecclesia
538 3651 725 3715 cathedralis
749 3669 803 3714 seu
827 3651 973 3716 dioecesis
996 3651 1101 3715 Barci-
