2856 4276
310 268 376 314 cut).
401 269 420 312 l.
447 269 485 314 DE
510 267 765 314 ccltlrnc'tlbmncs
789 266 936 312 etsexta

764 361 790 366 ...
800 359 1109 368 --.-——-——-.

131 463 348 526 nominantur
364 463 458 525 etiem
474 461 683 531 Sorrb'rrnses
708 462 780 543 quia
808 461 980 525 Concilium
1004 461 1107 526 Sardi·

131 580 230 624 censa
243 563 405 642 tamquam
417 560 566 642 appendix
579 559 704 623 Nicaeni
718 560 898 622 habebatur.

189 660 264 720 169.
288 658 467 722 -Postea
495 658 687 722 Graecorum
710 657 804 720 codor
832 657 931 720 totino
955 657 1103 734 redditus,

134 756 210 819 sive
231 753 375 818 Collectio
392 756 519 818 Prisco.

191 850 781 937 1tc-ttcottmttontenystttxtnut
792 853 945 925 (monachi
956 854 1105 936 scythae),

136 953 237 1016 initio
254 952 367 1016 sacculi
379 953 457 1016 sexti
470 953 611 1032 quamvis
623 953 745 1033 privata
759 953 945 1015 arictoritate
962 952 1105 1029 conflata,

137 1069 160 1113 a
187 1049 300 1113 Sancta
324 1049 399 1113 Sede
423 1050 552 1132 probata
576 1051 636 1113 fuit
664 1050 782 1131 (tacite,
807 1050 1051 1131 nonexpresse),
1076 1050 1107 1112 et

137 1147 230 1210 dicta
252 1148 456 1210 communiter
491 1147 581 1210 l'ctus
602 1145 764 1208 t'ououmu
785 1143 897 1209 ceree.

192 1245 266 1306 171.
294 1281 335 1290 —
357 1243 439 1308 Huic
456 1245 543 1326 plura
568 1244 679 1308 adiecit
695 1265 730 1307 ex
754 1243 898 1307 Conciliis
911 1247 942 1307 ct
959 1243 1105 1308 Patribus

140 1340 174 1404 S.
200 1342 339 1404 Isidorus
363 1343 522 1423 opiscopus
546 1342 756 1424 Hpspalensis.

190 1439 264 1501 172.
289 1476 334 1484 —
357 1437 498 1502 Codiccm
512 1438 652 1521 Dionysii
668 1439 807 1520 pluribus
834 1439 1042 1502 monumentis
1055 1459 1108 1502 au·

139 1539 230 1600 ctum
246 1535 401 1600 Adrianus
417 1537 432 1599 I
449 1535 558 1600 Carolo
572 1537 686 1621 Magno
704 1537 821 1601 Romae
837 1537 916 1600 dono
934 1536 1017 1600 dedit
1042 1538 1106 1618 (an.

144 1635 245 1717 774):
272 1635 351 1698 unde
374 1637 503 1698 vocatur
519 1635 615 1698 etiam
632 1632 777 1698 (allectio
794 1635 943 1697 „tor-toea
961 1635 1008 1697 vel
1024 1633 1104 1698 Dio·

143 1731 407 1811 repeto-Adriano.

190 1829 264 1892 173.
282 1865 326 1873 -
341 1829 504 1892 Habentur
519 1829 649 1910 denique
665 1825 879 1896 collectiones
891 1825 1106 1896 [eclesiarum

140 1923 395 2007 particularium,
421 1945 450 1988 a.
475 1946 505 2008 g.
531 1927 561 1988 iu
586 1925 688 1989 Africa
709 1923 854 1989 Colleciio
871 1923 1107 1991 Ferrortrlr'tlia·

140 2025 211 2086 coni
242 2024 335 2104 (saec.
361 2025 420 2106 b);
456 2023 488 2086 in
511 2023 662 2104 Hispania
700 2021 1013 2102 CapitrrloMortinr',
1030 2023 1107 2088 Bra-

141 2119 298 2184 cbarcnsis
315 2120 465 2201 cpiscopi3
480 2121 510 2183 in
527 2118 631 2183 Gellia
649 2119 850 2183 Pomrormr'a
866 2121 973 2183 lroais
989 2121 1104 2184 (lanto-

141 2217 253 2291 teusis3
271 2217 302 2279 in
321 2215 487 2280 Germania
516 2215 662 2279 Collecb'o
678 2202 885 2296 retornetis..
910 2217 967 2278 etc.

160 2335 168 2342 ·
189 2304 321 2376 174(—
340 2313 497 2377 Accedunt
515 2313 589 2374 libri
606 2313 736 2375 retectos
759 2315 789 2376 et
806 2311 1002 2389 sbrrrculcre'o,
1028 2331 1106 2393 quae

139 2410 382 2474 conficiebantur
405 2411 444 2474 ad
468 2409 734 2473 determinandum
757 2409 885 2472 modum
902 2409 962 2490 quo
979 2411 1105 2495 negotia

143 2509 227 2572 varia
244 2509 367 2590 scriptis
383 2507 512 2571 tractari
528 2508 682 2570 deberent.
707 2507 864 2570 Eiusmodi
898 2507 1104 2571 formularum

144 2605 285 2669 collectio
309 2624 364 2686 pro
381 2605 515 2668 Ecclesia
533 2624 660 2668 romana
677 2605 724 2667 est
737 2605 833 2666 Lr'trr
844 2605 989 2667 ro'orooe.

136 2761 145 2782 ,
190 2703 264 2765 175.
289 2701 504 2770 -cellectio
529 2699 638 2768 isidori
655 2699 847 2768 llercatorle
879 2701 928 2768 vet
945 2701 1103 2771 Peccato-

144 2797 201 2867 rls.
232 2797 243 2830 ‘⁹'
295 2838 325 2846 -
350 2799 443 2863 Edita
467 2800 658 2880 probabilius
690 2801 737 2863 est
763 2801 842 2862 inter
865 2819 961 2864 anuos
985 2802 1049 2863 829
1074 2804 1105 2865 ct

18 2957 20 2974 2
119 2964 122 2970 ,
143 2899 218 2973 847,
233 2899 305 2980 quia
329 2901 438 2962 auctor
454 2900 582 2962 inscruit
599 2899 701 2980 plures
718 2901 885 2963 sententias
902 2899 1031 2964 Concilii
1047 2902 1105 2964 Pa·

145 2997 245 3060 risicu.
271 2998 342 3060 anni
368 2997 442 3072 829,
468 2999 499 3060 ct
523 2995 721 3061 Collectiouis
744 2999 860 3060 mentio
884 2999 1019 3078 primum
1051 2999 1107 3062 ha-

144 3086 234 3149 betur
258 3105 307 3150 an.
333 3087 409 3148 stit.

189 3261 199 3289 “²
220 3268 324 3320 Auctor
343 3264 424 3319 istius
444 3263 624 3318 Colleciionis
646 3266 768 3320 incertus
797 3265 902 3330 existit,
929 3283 1049 3336 ususque
1064 3271 1108 3321 est

144 3353 247 3407 Isidori
267 3356 389 3416 nomine,
403 3358 435 3408 ut
449 3360 583 3408 revocata
596 3357 731 3410 memoria
749 3356 1109 3426 CollectionisHispanicae

145 3442 170 3496 S.
191 3445 295 3498 isidoro
315 3443 454 3512 Episcopo
475 3450 504 3498 et
527 3445 642 3499 Doctori
663 3447 794 3510 tributae,
815 3448 949 3501 iuniorem
969 3465 1035 3500 suae
1055 3447 1109 3501 ccl·

146 3531 255 3588 lectioni
269 3535 352 3589 tidem
366 3535 538 3590 conciliaret.
551 3535 586 3590 Et
600 3537 645 3589 hic
660 3541 758 3590 notare
770 3537 871 3604 placet,
886 3539 960 3606 quod
971 3537 1106 3592 Collectio

146 3621 304 3691 Hispaniae,
320 3625 373 3678 etsi
388 3625 446 3678 iam
460 3629 588 3693 tempore
603 3626 628 3679 S.
644 3627 744 3680 Isidori
757 3627 841 3692 edita,
857 3628 994 3682 incertum
1012 3634 1108 3684 tanuen

147 3712 228 3768 babet
247 3719 404 3769 auctorem.
425 3714 560 3769 Collectio
580 3715 851 3784 pseudo-isidoriana
867 3719 1053 3773 adscribenda
1073 3719 1112 3772 vi·
