2818 4276
335 242 384 295 138
464 245 638 292 enecandos
662 246 701 291 DE
725 244 916 292 HIERARCHIA
939 245 1172 292 IURISDICTIONIS

330 441 462 524 Hispani
485 441 644 523 oonquesti
668 441 834 522 aliquando
863 443 937 505 sunt
963 441 1000 505 de
1023 461 1083 504 aaa
1110 442 1204 516 iuris,
1228 463 1302 507 nun-

332 560 424 622 quam
444 541 596 624 negarunt
612 541 714 618 ipsa-m
725 541 785 603 ius.
803 537 861 604 Sed
878 539 1077 622 deplorarent
1094 541 1215 606 abusus
1232 561 1300 604 oum

332 638 471 702 viderent
494 657 511 700 a
535 637 738 702 Pontificibus
753 637 910 702 Avenione
933 637 1139 702 residentibus
1167 663 1186 697 ‹<
1204 640 1303 704 homi-

331 736 421 800 nibus
445 734 545 799 Gallis
570 754 626 799 sua
659 736 831 800 sacerdotia
855 737 984 800 eonferri
1001 760 1018 794 »
1045 737 1091 800 ait
1118 737 1302 821 Rigantius.

332 833 419 898 Unde
442 835 667 898 controversiae
690 835 802 896 deuse
818 834 898 897 ioris
915 834 1015 916 magis
1039 834 1173 914 probant
1198 835 1302 917 ipsum

332 931 412 994 ius...
438 929 513 1011 (cfr.
538 929 654 1014 Soglia,
680 931 746 1014 ib).

376 1029 452 1091 421.
477 1065 519 1074 -
546 1030 595 1094 ius
621 1029 815 1095 concedendi
842 1031 1067 1111 exemptiones.
1092 1067 1135 1076 -
1160 1030 1304 1095 I.'Dioe
1382 1105 1383 1110 η

332 1127 447 1190 oesium
477 1126 588 1190 divisio
620 1127 876 1208 subditorumque
903 1127 1077 1210 designatio
1109 1147 1128 1194 a
1156 1129 1304 1192 Romano

332 1224 480 1288 Pontifioe
504 1224 624 1306 pendet,
649 1225 702 1306 qui
726 1226 757 1288 et
780 1226 872 1290 iustis
896 1225 933 1288 de
956 1227 1057 1290 causis
1080 1227 1304 1290 immunitates

332 1341 368 1385 ao
384 1322 557 1405 privilegia,
574 1323 709 1386 eeclesiis
725 1323 774 1387 vel
790 1323 987 1388 monasteriis
1005 1323 1169 1388 concedere
1186 1325 1304 1407 potest,

332 1421 443 1502 quibus
474 1420 513 1484 ab
542 1421 695 1485 ordinaria
730 1420 941 1484 iurisdictione
976 1422 1138 1485 solvantur
1174 1425 1209 1486 et
1241 1423 1303 1486 eni·

332 1520 458 1582 mantue
476 1516 561 1594 (Nat.
579 1519 677 1595 Alex„
696 1521 736 1581 12
753 1519 784 1581 in
801 1537 879 1582 saec.
900 1519 964 1601 16).
983 1555 1024 1564 -
1042 1519 1082 1581 ΙΙ.
1100 1518 1301 1602 Quamquam

334 1616 524 1698 Episcopelis
548 1617 623 1682 ordo
651 1617 801 1680 divinitus
825 1617 989 1680 institutus
1013 1617 1072 1692 sit.
1089 1617 1165 1694 sive,
1191 1622 1231 1682 ut
1258 1618 1305 1682 ait

330 1713 515 1794 Apostolus:
539 1715 684 1796 Episcopi
700 1715 793 1796 positi
810 1714 873 1778 sint
893 1733 911 1778 a
928 1713 1046 1795 Spiritu
1063 1713 1178 1778 Sancto
1195 1733 1303 1798 regere

331 1810 498 1874 Ecclesiam
518 1812 585 1888 Dei,
603 1813 703 1894 portio
720 1814 824 1875 tamen
842 1811 908 1875 eius
927 1812 1040 1894 gregis,
1057 1830 1152 1892 quam
1168 1813 1302 1894 quisque

331 1910 429 1992 regat,
454 1927 472 1972 a
497 1907 620 1974 Christo
652 1909 859 1974 determinata
892 1927 951 1973 non
975 1909 1046 1982 fuit,
1071 1908 1124 1972 sed
1151 1909 1300 1992 prudenti

330 2005 483 2070 Ecclesiae
506 2007 634 2070 arbitrio
661 2007 779 2070 reiiota.
803 2007 913 2087 Itaque
936 2006 1049 2070 divinis
1073 2007 1299 2088 Episcoporum

329 2103 448 2166 iuribus
472 2103 557 2167 nnita
581 2103 617 2168 fit
640 2103 764 2178 iniuria,
789 2103 863 2166 dum
891 2103 1034 2179 Ecclesia,
1059 2103 1300 2179 Monasterium,

330 2201 380 2266 vel
410 2220 538 2282 persona
568 2201 674 2282 aliqua
704 2201 825 2266 ratione
861 2201 997 2265 muneris
1028 2204 1084 2266 eut
1119 2201 1300 2287 dignitatis,

330 2299 429 2363 aliave
452 2300 536 2363 iusta
552 2299 588 2363 de
612 2318 739 2364 causae
762 2299 975 2364 iurisdictione
999 2300 1133 2364 alieuius
1152 2300 1298 2382 Episcopi

329 2397 484 2460 eximitur.
516 2397 598 2461 Illud
630 2397 757 2472 aceedit,
787 2396 868 2478 qnod
900 2395 1038 2462 Consilia
1069 2398 1101 2461 et
1130 2398 1300 2462 Pontifices

329 2513 447 2576 semper
470 2497 627 2570 severunt,
648 2520 665 2553 ‹<
681 2515 718 2560 ne
743 2495 907 2578 privilegia
923 2496 956 2558 ot
979 2496 1201 2577 exemptiones,
1220 2513 1299 2577 quae

330 2591 423 2656 variis
447 2592 549 2656 titulis
569 2593 722 2674 plerisque
745 2592 965 2667 conceduntur,
982 2592 1250 2674 perturbationem
1266 2593 1296 2655 in

329 2689 547 2772 Episcoporum
571 2690 781 2754 iurisdictione
802 2691 981 2765 excitarent,
999 2692 1030 2754 et
1046 2691 1196 2772 exemptis
1214 2709 1297 2756 oeoa·

329 2789 446 2855 sionem
475 2789 603 2853 laxioris
634 2788 717 2853 vitae
751 2789 934 2871 praeberent
961 2813 978 2848 ›
1012 2787 1115 2870 (Cone.
1145 2789 1296 2861 Trident,

329 2905 402 2952 sess.
428 2888 480 2964 24,
504 2888 642 2968 eupli,
661 2887 698 2950 de
721 2884 862 2964 Reform.
880 2884 1011 2970 Soglia).

373 2985 448 3047 422.
476 2985 526 3049 ius
551 2985 746 3066 percipiendi
772 2985 919 3050 annates.
936 3021 978 3028 -
1003 2983 1027 3046 Ι.
1047 2983 1199 3048 Aunoloe
1222 2986 1297 3048 seeo

327 3086 429 3146 certae
448 3083 624 3162 pensionem,
640 3086 697 3145 aut
719 3085 819 3146 certae
829 3081 983 3160 pecuniae
998 3081 1199 3162 quantitaiee,
1217 3100 1296 3162 qaae

327 3202 365 3245 ea
389 3179 642 3260 Episcopotoam‚
667 3179 863 3259 aliorumque
886 3178 1119 3258 Beneficiorum
1141 3175 1294 3257 fructibus
1378 3201 1380 3260 p

322 3277 424 3360 primi
443 3277 524 3340 onai
546 3277 691 3341 Romano
714 3276 878 3357 Pontifici,
905 3277 970 3340 eive
998 3274 1148 3340 Gamerae
1163 3277 1295 3357 Aposto-

329 3375 405 3439 liooe
428 3374 592 3439 solvuntur
615 3373 761 3459 (Sogdia).
775 3411 818 3420 -
834 3374 875 3438 II.
896 3399 914 3432 e
930 3373 1080 3440 Omnibus
1103 3394 1209 3440 euram
1233 3373 1293 3438 ani-

327 3492 449 3537 marum
473 3472 658 3538 habentibus
681 3473 731 3554 pie
755 3471 920 3536 solvuntur
944 3471 1090 3536 decimae.
1114 3471 1211 3536 Porro
1235 3471 1293 3535 Ro·

327 3589 438 3636 manus
468 3569 610 3634 Pontifex
640 3570 707 3634 iure
739 3569 843 3633 divino
879 3569 1072 3634 constitutus
1104 3571 1151 3634 est
1185 3569 1293 3634 Pastor

328 3670 468 3734 omnium
483 3667 632 3744 fidolium,
645 3669 677 3732 et
689 3667 828 3732 omnium
845 3666 1053 3732 Eoolesiorum
1068 3685 1174 3732 euram
1190 3681 1292 3750 gerere
1378 3733 1379 3738 .
