2750 4270
296 259 346 312 198
499 263 675 310 insereres
697 266 741 310 111.
766 266 805 312 DE
829 265 1047 312 speculemus

292 466 499 530 intercessisse
521 467 706 544 constiterit,
721 487 782 532 non
798 467 909 531 debeat
935 467 1083 549 impedire
1098 467 1177 547 (Cfr.
1194 466 1267 530 De-
1366 435 1367 472 ³

292 561 400 626 cretol.
426 563 478 625 lib.
495 565 520 637 l,
546 566 593 628 tit.
617 565 671 638 Vl,
696 586 763 645 cup.
790 567 856 648 14).

338 662 413 724 573.
427 699 470 708 -
493 663 572 726 Rue.
597 663 667 725 IX2.
692 663 746 727 lus
769 680 915 727 unrocum
938 681 970 725 rs
993 680 1183 726 comacum
1210 663 1271 725 Eo-

293 777 397 823 crnsu
420 781 482 822 non
506 760 591 822 ondit
613 761 647 822 iu
670 760 795 836 inierim,
812 763 844 824 et
858 761 927 824 ideo
951 761 982 822 id
1005 762 1088 823 esset
1110 760 1270 840 pernicio·

292 876 359 921 sum
392 857 542 939 exemplo,
569 859 601 920 et
623 857 810 921 redundaret
835 860 868 922 in
894 857 1088 940 dispendium
1120 856 1274 920 ecclesie·

292 958 389 1020 eticae
411 955 583 1029 libertatis;
606 973 666 1018 nou
690 955 832 1018 obstante
854 955 1074 1036 compositione
1089 956 1174 1018 facta
1191 973 1271 1018 cum

292 1053 436 1117 Praelato
460 1055 493 1116 et
516 1053 673 1134 Capitulo,
697 1053 854 1117 decretum
878 1055 936 1126 cst,
969 1055 1006 1116 nt
1033 1053 1203 1116 Praelatns
1229 1053 1273 1116 li-

292 1151 362 1215 bere
385 1152 483 1234 possit
507 1151 648 1215 ordinare
671 1151 858 1234 dignitatem
882 1152 941 1215 sibi
965 1151 1126 1214 subditum
1147 1151 1269 1214 denun-

291 1249 401 1312 ciando
425 1248 650 1313 ordinationem
674 1250 788 1312 laetam
813 1252 954 1330 patrono,
979 1251 1016 1311 ut
1039 1268 1141 1322 sunm,
1155 1249 1181 1311 si
1212 1267 1271 1312 vo-

291 1345 395 1419 luerit,
419 1345 584 1409 honestum
606 1347 806 1427 impertiatur
828 1365 986 1410 assensum
1010 1346 1066 1426 (ib.
1092 1346 1158 1427 57).

338 1443 413 1505 574.
432 1480 472 1488 -
490 1443 569 1506 Reo.
586 1442 640 1505 X².
661 1444 793 1506 morio
809 1461 869 1506 eun
884 1461 1029 1507 mensu
1053 1460 1177 1506 pransu
1205 1441 1271 1507 Cn·

292 1559 392 1604 suurn
423 1557 518 1604 suern
550 1562 613 1603 non
643 1545 733 1616 tenet,
757 1562 813 1604 nec
837 1562 898 1619 per
927 1541 1162 1620 subsequentem
1191 1561 1273 1606 con-
1366 1595 1367 1602 ,

291 1659 417 1703 sensum
439 1638 718 1717 ratificoripotesl.
732 1639 818 1719 (Lib.
834 1639 860 1701 I.
878 1638 1036 1702 Decretul.
1054 1659 1080 1701 c.
1099 1639 1164 1721 29).
1194 1637 1271 1701 Pu·
1366 1679 1367 1682 =

293 1737 405 1800 blieute
427 1737 578 1799 scrutinio
602 1739 727 1800 variare
758 1741 914 1816 nequeunt
944 1735 1099 1811 electores,
1123 1755 1197 1798 cum
1226 1737 1272 1800 sit

291 1834 429 1900 iacienda
459 1835 595 1909 collatio,
620 1837 652 1898 et
675 1836 784 1899 electio
812 1835 1004 1898 celebranda.
1029 1833 1079 1896 Ad
1102 1834 1183 1914 quod
1212 1854 1272 1917 per

293 1933 492 2015 superiorem,
508 1933 535 1996 si
551 1934 732 2015 oportuerit,
745 1934 987 2015 compescantur.
1004 1932 1083 2011 (Cfr.
1098 1931 1268 1996 Decretal.

293 2052 359 2111 cop.
378 2029 444 2111 58).
463 2030 528 2092 His
543 2029 656 2110 quibus
671 2031 870 2094 interdicitur
884 2035 920 2092 ul
933 2029 1050 2108 ubsque
1080 2027 1271 2107 Superioris

293 2129 420 2193 lieentia
452 2128 565 2210 clipere
587 2149 649 2191 non
669 2132 886 2208 praesumant,
910 2131 1034 2209 tempus
1057 2129 1222 2192 statutum
1249 2149 1268 2192 a

197 2291 200 2301 ,
292 2244 407 2289 canone
430 2226 537 2301 currit,
553 2245 588 2288 ex
605 2244 665 2306 quo
682 2226 713 2288 in
730 2244 818 2288 mora
842 2225 957 2288 fuerint
979 2224 1139 2286 licentiam
1155 2224 1269 2289 huius·

293 2323 378 2388 modi
401 2322 579 2405 postulandi
602 2322 774 2403 (Decretol.
799 2343 866 2402 cap.
885 2324 952 2404 60).

339 2419 414 2482 575.
431 2456 474 2464 -
490 2419 569 2484 Rue.
587 2419 656 2481 XF.
675 2420 713 2484 Si
727 2421 830 2482 maior
848 2439 929 2498 pars
954 2417 1097 2498 Capituli
1112 2436 1271 2485 seusana

293 2534 402 2580 cunels
424 2533 580 2580 molanum
603 2517 686 2579 uolet
708 2516 812 2580 electio
828 2517 865 2580 de
880 2517 975 2598 ‹lipno
991 2538 1011 2578 o
1027 2517 1145 2579 minori
1156 2522 1266 2596 porte,

292 2614 388 2678 etiam
416 2633 451 2677 ex
477 2614 583 2678 eodem
607 2615 755 2678 scrutinio
780 2615 867 2678 iuxta
892 2617 1041 2679 veriorem
1066 2615 1266 2680 intellectum

293 2711 348 2794 (ib.
372 2731 438 2794 cap.
464 2713 530 2794 52).
554 2713 658 2776 Irrita
680 2717 784 2775 autem
808 2717 855 2776 est
876 2713 992 2789 electio,
1017 2731 1112 2794 qnam
1135 2712 1268 2776 collatio

293 2830 355 2873 non
375 2811 553 2888 praecessit,
577 2808 625 2872 uel
648 2830 726 2889 quae
749 2808 833 2888 factu
856 2831 919 2872 nou
944 2815 991 2874 est
1005 2832 1025 2873 u
1041 2811 1157 2874 nmiori
1165 2816 1265 2890 porte

297 2903 446 2990 Capituli,
467 2907 516 2970 vel
537 2908 612 2987 puio
633 2928 697 2971 non
720 2906 782 2986 fuit
815 2910 985 2972 commuuio
1009 2910 1065 2990 (ib.
1090 2910 1158 2990 55).
1183 2909 1265 2973 Nou

291 3003 411 3084 suffieit
431 3009 535 3067 autem
561 3003 605 3067 orl
628 3005 897 3083 confirmationem
928 3005 1086 3070 electionis
1114 3008 1199 3086 quod
1219 3009 1267 3070 sit

292 3100 376 3180 foetu
406 3123 426 3165 u
449 3102 564 3164 maiori
578 3107 672 3181 porte
700 3099 851 3185 Capituli,
875 3104 944 3166 nisi
973 3104 1067 3167 elium
1091 3121 1160 3168 luna
1184 3122 1265 3168 Palas

292 3217 480 3264 susurros.
505 3199 677 3264 Concilium
701 3199 783 3264 enim
807 3200 1071 3278 lateranensem
1089 3202 1263 3267 ordinatio-

290 3298 381 3362 nibus
404 3297 611 3362 ldcclesiarum
634 3300 785 3362 maiorem
802 3301 834 3362 et
857 3300 1010 3364 saniorem
1034 3303 1153 3382 partem
1173 3300 1265 3383 Capi·

291 3394 352 3458 tuli
374 3395 488 3478 erigit3
524 3396 555 3458 et
578 3396 736 3479 statutum
771 3396 922 3477 praedicti
957 3397 1089 3462 Concilii
1122 3399 1265 3461 continet
1363 3393 1364 3430 r

290 3490 371 3556 iuter
394 3494 515 3556 caetero
531 3493 568 3554 ut
584 3492 610 3556 is
634 3491 779 3575 eligatur,
804 3493 835 3556 in
860 3513 951 3574 quem
975 3514 1081 3558 omnes
1097 3493 1146 3558 uel
1159 3495 1264 3560 moror

289 3591 321 3650 el
334 3589 443 3652 sanior
465 3607 537 3670 pers
560 3589 723 3652 consentit.
747 3588 866 3654 Electio
891 3591 998 3674 igitur,
1023 3609 1101 3671 quae
1125 3592 1184 3654 etsi
1200 3609 1261 3655 non

289 3704 447 3767 personae,
471 3685 548 3749 vitio
572 3687 676 3749 temen
709 3686 868 3752 electionis
904 3687 986 3752 lactc
1010 3706 1081 3751 cum
1103 3688 1204 3751 maior
1227 3689 1262 3752 et
