2758 4270
300 189 353 242 320
577 189 750 236 waldradus
774 190 813 235 DE
838 185 984 234 PERSONIS

300 373 393 436 tuto?
410 409 451 418 -
466 372 503 434 R.
516 371 564 434 Ad
583 371 611 434 l.
625 371 822 436 Affirmativc
846 371 886 435 ad
903 373 1035 453 primam
1053 371 1183 452 partem3
1198 368 1251 432 Ne

300 469 405 553 gative
428 469 467 532 ad
491 469 666 534 secundam.
692 507 742 548 -,
757 469 806 533 Ad
831 471 860 532 2.
878 469 1074 532 Affirmatiue
1094 470 1203 550 pariter
1217 467 1253 532 ad

246 645 259 656 δ
300 567 431 648 primam
448 569 581 647 partem3
599 565 752 650 Negatiue
768 567 807 630 ad
824 566 989 630 secundam
1005 591 1023 625 a
1043 565 1087 648 (S.
1105 565 1137 630 O.
1154 565 1210 628 llll.
1227 565 1255 628 et

301 665 379 739 RR,
404 665 446 727 20
469 663 549 728 Nou.
577 664 688 746 1895).
791 682 793 686 ·

346 761 421 824 930.
446 799 489 807 —
513 763 588 826 Vota
613 763 771 844 simplicia
795 763 868 826 ante
892 762 1066 826 solemnem
1085 761 1256 847 monialium

303 861 545 940 professionem,
571 861 653 925 iuxta
679 877 793 925 recens
818 860 978 925 decretum
1007 883 1025 918 «
1046 859 1257 941 perpensis».

302 995 345 1004 -
372 982 388 1015 «
405 958 430 1020 Ι.
454 959 493 1021 ln·
515 958 656 1022 omnibus
680 959 711 1020 et
734 958 866 1040 singulis
893 957 1176 1022 sanctimonialium
1198 974 1259 1018 mo-

302 1057 444 1119 nasteriis
467 1057 687 1136 cuiuscumque
710 1054 834 1118 Ordinis
857 1074 910 1118 seu
934 1055 1087 1129 Instituti,
1105 1055 1137 1118 in
1156 1054 1259 1134 quibus

302 1153 376 1217 vota
400 1154 548 1218 solemnia
573 1153 770 1228 emittuntur,
788 1155 913 1234 peracta
936 1153 1117 1234 probatione
1134 1154 1165 1215 et
1179 1151 1259 1215 noui-

302 1252 385 1314 tiatu
408 1251 447 1314 ad
471 1251 693 1332 praescriptum
720 1249 749 1314 S.
775 1249 905 1313 Ooncilii
939 1249 1121 1324 Tridentini,
1147 1247 1259 1312 Consti·

303 1350 460 1413 tutionum
495 1348 745 1429 Apostolicorum
770 1351 802 1411 et
824 1348 930 1431 legum
953 1346 1076 1411 Ordinis
1100 1365 1155 1410 seu
1180 1347 1261 1410 lusti-

303 1448 406 1511 tutia
431 1446 460 1511 S.
488 1446 564 1510 Sede
588 1446 839 1527 approbatarum,
857 1446 993 1510 novitiae
1017 1445 1092 1508 vota
1115 1445 1260 1526 simplicia

303 1545 459 1620 emittant,
478 1545 642 1626 postquam
666 1543 854 1624 expleverint
878 1545 1013 1608 aetatem
1038 1562 1189 1607 annornm
1205 1561 1261 1606 ser·

303 1643 400 1706 decim
431 1641 609 1706 abeodem
644 1639 781 1705 Concilio
816 1641 997 1705 Tridentino
1032 1642 1186 1705 statutam
1219 1640 1263 1705 uel

303 1741 397 1804 aliam
432 1741 592 1814 maiorem,
618 1759 695 1820 quae
718 1741 822 1804 forsan
847 1759 865 1803 a
890 1738 1175 1804 Constitutionibus
1205 1757 1264 1820 pro-

303 1839 362 1920 prii
387 1837 510 1901 Ordinis
534 1838 583 1900 vel
605 1837 749 1900 instituti
773 1857 791 1900 a
815 1837 844 1902 S.
870 1836 946 1902 Sede
970 1837 1150 1920 approbatis
1173 1836 1264 1918 requi-

307 1937 405 2000 ratur.

352 2035 426 2097 931.
451 2071 495 2078 -
528 2033 568 2097 ll.
600 2031 787 2098 Huiusmodi
825 2033 979 2115 professae
1010 2033 1081 2114 post
1115 2033 1264 2114 expletum

306 2133 473 2196 triennium
490 2151 507 2194 a
526 2132 584 2207 die,
602 2150 661 2212 quo
687 2133 761 2194 vota
785 2132 937 2214 simplicia
961 2131 1129 2206 emiserint,
1151 2149 1264 2214 compu-

307 2230 447 2306 tandum,
471 2230 497 2293 si
523 2229 634 2308 dignae
658 2229 859 2310 reperiantur,
882 2230 921 2292 ad
945 2229 1162 2311 professionem
1188 2231 1265 2294 voto

307 2347 376 2391 rum
400 2327 586 2391 solemnium
618 2325 843 2390 admittantur:
875 2327 1000 2392 sublata
1030 2327 1160 2390 cuilibet
1188 2329 1264 2410 pote

307 2425 389 2487 state
412 2423 470 2486 hac
497 2441 588 2504 super
611 2441 642 2485 re
666 2423 872 2505 dispensandi,
896 2425 943 2494 ita
966 2441 1074 2505 nempe
1090 2423 1127 2486 ut
1151 2424 1180 2488 si
1203 2442 1265 2506 qua,

308 2540 366 2584 non
382 2522 486 2584 exacto
504 2520 625 2604 integro
642 2521 785 2596 triennio,
803 2522 842 2584 ad
857 2522 1076 2603 professionem
1094 2521 1265 2596 solemnem,

309 2637 501 2701 quacumque
518 2637 552 2681 ex
569 2637 671 2692 causa,
689 2619 917 2697 admitteretur,
931 2619 1077 2702 professio
1100 2620 1170 2702 ipsa
1188 2619 1266 2683 irrita

309 2733 434 2798 prorsus
457 2714 536 2778 foret
552 2734 587 2777 ac
603 2715 719 2778 nullius
743 2716 878 2780 effectus.

355 2814 429 2876 932.
440 2851 476 2858 -
485 2813 542 2875 Ill.
552 2813 658 2878 firma
671 2816 775 2878 tamen
789 2815 818 2877 in
832 2834 887 2878 suo
899 2833 1020 2896 quoque
1032 2815 1138 2878 robore
1152 2831 1266 2878 manere

310 2912 506 2976 declarantur
528 2910 650 2976 indulta
674 2931 692 2976 a
716 2911 746 2976 S.
771 2911 846 2976 Sede
869 2913 932 2976 iam
955 2913 1124 2994 impertita,
1142 2930 1264 2994 quorum

248 3045 253 3056 ι
312 3011 351 3086 vi,
369 3009 527 3074 nonnullis
544 3010 575 3072 in
590 3009 664 3073 locis
680 3028 733 3073 seu
764 3010 932 3085 institutis,
957 3010 1105 3091 professio
1131 3012 1264 3076 votorum

311 3108 499 3189 simplicium
523 3106 563 3169 ad
585 3107 709 3190 longius
733 3108 856 3188 tempus
879 3107 983 3170 emitti
1006 3108 1117 3189 possit.

357 3205 431 3268 933.
441 3204 543 3268 -lV.
552 3204 716 3268 Praeterea
726 3225 760 3268 ex
768 3206 859 3270 iustis
873 3207 905 3268 et
917 3205 1157 3270 rationabilibus
1165 3205 1262 3277 causis,
1352 3191 1356 3250 i

312 3305 347 3368 de
364 3305 475 3385 quibus
491 3304 557 3366 tum
576 3303 754 3366 monasterii
779 3301 986 3384 Superiorissa
1002 3304 1071 3366 tum
1087 3303 1261 3366 novitiarum
1353 3325 1355 3362 s

311 3402 466 3484 Magistra
490 3401 580 3463 fidem
606 3401 720 3482 scripto
745 3400 843 3464 facere
867 3400 988 3476 debent,
1011 3401 1129 3482 poterit
1151 3401 1261 3466 Ordina-

312 3501 376 3563 rius
393 3519 447 3582 pro
465 3499 658 3562 monasteriis
681 3517 755 3562 suae
778 3497 983 3563 iurisdictioni
1006 3499 1151 3562 subiectis
1167 3501 1195 3562 et
1212 3495 1259 3562 Sn-

312 3597 412 3677 pericr
435 3596 594 3660 Generalis
610 3616 663 3660 seu
687 3597 888 3662 Prouincialis
904 3615 958 3679 pro
975 3597 1178 3672 monasteriis,
1194 3613 1259 3678 quoe
