2758 4270
326 229 379 284 288
606 233 780 281 valeranus
803 235 842 282 Du
866 234 1012 281 Passurus

328 435 454 500 minime
478 455 621 500 cessasse.
645 435 738 514 Nam,
762 437 835 501 licet
851 439 980 519 quisque
995 437 1158 520 Regularis
1173 436 1271 520 degens

328 536 414 600 extra
438 533 586 610 claustra,
611 535 713 615 quoad
736 535 879 616 politiam
896 537 928 599 ct
942 535 1135 617 disciplinam
1150 534 1269 598 ecclesia·

328 633 449 708 sticam,
474 633 512 696 ab
536 632 746 696 iurisdictione
769 632 923 696 Ordinarii
946 633 1017 710 loci,
1045 633 1078 696 in
1105 651 1162 713 quo
1187 631 1270 714 degit,

328 733 488 812 exemptus
511 749 572 794 non
597 732 648 806 sit,
677 733 817 796 attamen
845 731 948 812 quoad
976 731 1168 812 disciplinam
1196 748 1269 813 regu·

327 829 424 892 larem
460 831 491 892 et
514 829 730 911 obligationes,
756 849 834 910 quae
861 849 897 893 err
926 829 1074 913 religiosa
1105 827 1271 911 professione

328 928 522 1007 promanant,
547 927 578 990 et
601 946 671 990 oum
696 946 776 992 novo
793 928 858 991 eius
874 929 960 992 statu
977 930 1050 991 sunt
1067 925 1269 1008 competibiles,

328 1024 459 1106 propriis
472 1023 687 1106 Superioribus
700 1025 825 1090 subesse
835 1025 939 1106 eisque
953 1025 1076 1088 obedire
1093 1025 1233 1088 tenetur»
1252 1021 1269 1082 ¹.

374 1123 449 1186 853.
470 1158 509 1168 —
526 1123 581 1184 ΙΙΙ.
603 1147 620 1180 c
636 1123 781 1186 Decernit
804 1123 961 1205 praefatas
985 1122 1104 1196 domos,
1122 1119 1269 1185 dummodo

327 1221 359 1282 in
384 1239 435 1284 eas
459 1221 522 1283 tres
546 1220 658 1284 saltem
682 1219 722 1282 ad
745 1221 789 1283 ibi
813 1219 985 1303 degendum
1009 1220 1202 1284 convenerint
1222 1219 1270 1281 Re·

329 1317 462 1401 gulares,
487 1336 619 1398 quorum
643 1337 722 1381 unus
746 1317 786 1380 ad
809 1318 912 1383 minus
936 1318 977 1381 sit
994 1317 1149 1392 Sacerdos,
1164 1315 1272 1380 iurisdi-

328 1415 424 1478 ctio'ni
446 1415 584 1480 Ministri
615 1414 818 1478 Provincialis
841 1415 905 1478 fore
929 1416 1086 1480 subiectas
1109 1433 1213 1495 easque
1232 1430 1271 1475 re-

328 1512 443 1596 gendas
463 1531 528 1576 esse
549 1531 601 1594 per
621 1513 808 1594 peculiarem
826 1511 1021 1594 Superiorem
1039 1513 1084 1577 ibi
1103 1512 1274 1577 constituen-

330 1610 404 1674 dum
419 1635 437 1669 »
459 1607 480 1672 ².

354 1723 356 1730 ’
375 1709 450 1772 854.
474 1745 517 1754 -
540 1708 595 1772 lV.
620 1707 652 1772 Si
676 1709 792 1784 autem,
818 1709 866 1772 vel
889 1710 927 1773 ob
947 1709 1085 1784 exilium,
1104 1709 1152 1772 vel
1167 1705 1274 1772 aliisdc

329 1807 440 1881 causis,
465 1807 578 1888 aliquis
600 1806 765 1888 religiosus
789 1807 876 1870 extra
900 1807 1052 1889 regularis
1077 1824 1151 1870 suae
1166 1804 1273 1868 Provin-

330 1903 395 1966 ciae
418 1903 610 1967 territorium
634 1923 811 1985 permanere
835 1903 955 1979 debeat,
972 1923 1034 1968 non
1049 1903 1118 1968 ideo
1136 1923 1153 1968 a
1169 1900 1273 1966 iurisdi-

331 2001 431 2065 ctione
454 2000 577 2064 Ordinis
602 2001 745 2078 solvitur,
769 2004 806 2065 ut
830 2021 968 2083 expresse
992 2001 1166 2066 declaravit
1181 2000 1275 2066 Sancta

331 2097 421 2162 Sedes
445 2099 494 2162 his
511 2099 627 2162 verbis:
649 2123 666 2157 «
683 2098 775 2163 Sacra
788 2097 996 2184 Congregatio
1013 2119 1106 2181 super
1123 2098 1273 2180 Disciplina

330 2197 479 2280 Regulari
503 2196 646 2271 decrevit,
671 2198 708 2260 ut
731 2197 866 2260 universi
879 2215 985 2260 omnes
1007 2197 1171 2280 Religiosi,
1193 2195 1276 2260 cuius·

330 2313 460 2374 cumque
484 2291 616 2367 Ordinis,
642 2291 908 2377 Congregationis,
932 2293 1106 2370 Societatis,
1139 2289 1274 2364 Inst'tuti,

330 2392 549 2472 cuiuscumque
572 2391 687 2473 gradus
703 2392 760 2454 aut
774 2389 958 2454 conditionis
973 2390 1115 2472 professi,
1132 2388 1271 2473 quamdiu,

329 2489 453 2568 propter
475 2487 649 2564 hodiernae,
673 2489 710 2550 ut
733 2488 901 2564 innuimus,
925 2489 1187 2564 circumstantias,
1203 2485 1273 2550 entra

330 2585 495 2667 Regularis
517 2585 699 2649 Provinciae
723 2586 807 2661 fines,
825 2587 890 2650 sive
906 2586 991 2662 alibi,
1009 2586 1120 2670 degere
1132 2587 1201 2651 illos
1214 2601 1271 2646 con·

329 2683 446 2766 tigerit,
470 2683 653 2764 inspectioni
676 2685 707 2747 et
730 2683 936 2748 iurisdictioni
966 2684 1170 2748 subiicientur
1199 2679 1273 2745 terri-

329 2781 450 2845 torialis
473 2780 693 2856 Provincialis3
719 2781 771 2861 qui
795 2781 831 2844 de
854 2781 993 2862 ipsorum
1017 2782 1156 2846 moribus
1171 2781 1270 2844 etcor-

329 2879 491 2942 suetudine
516 2879 691 2958 quotannis,
716 2880 747 2942 et
777 2877 1032 2960 quandocumque
1048 2881 1177 2962 rogatus
1191 2891 1273 2956 respe-

329 2977 411 3040 ctivo
435 2975 623 3040 Provinciali
653 2976 785 3045 referat;
817 2994 929 3056 eosque
960 2976 1105 3060 delegata
1136 2995 1170 3039 ac
1197 2973 1272 3055 plene

329 3075 482 3156 potestate
506 3073 537 3136 in
562 3071 662 3136 officio
687 3073 878 3137 contineat»
900 3069 922 3135 ³.

374 3171 450 3234 855.
474 3207 517 3216 -
541 3170 579 3232 V.
604 3170 751 3245 Tandem,
769 3171 870 3234 sciant
886 3189 991 3236 omnes
1009 3172 1049 3236 ed
1066 3190 1142 3254 quos
1157 3163 1269 3252 spano

375 3477 384 3509 ¹
405 3477 432 3531 S.
453 3477 570 3542 Poenit,
589 3477 656 3531 ibid.

326 3617 330 3625 .
374 3565 384 3598 ²
404 3566 475 3620 ibid.

373 3652 384 3686 ³
404 3654 513 3708 Deerat.
533 3655 549 3706 5
569 3655 641 3724 Aug.
664 3654 732 3709 1872
751 3650 843 3722 (ibid,
863 3673 889 3724 p.
909 3655 965 3720 28).
