2818 4276
233 227 302 274 CAP.
320 225 361 272 111.
379 226 418 274 DE
433 225 656 273 RELATIONIBUS
672 225 755 273 EGGL.
772 226 836 274 CUM
852 227 914 274 SOC.
932 227 989 275 clv.
1051 226 1101 282 105

75 424 77 428 ’
124 426 301 490 Pontifices
324 425 409 490 nulla
432 443 530 506 nequo
553 423 669 489 directa
693 443 789 507 neque
813 425 962 492 indirecta
979 428 1100 510 tempo-

123 525 187 590 rali
211 525 372 607 potestate
396 523 488 606 potiri
511 523 542 587 in
565 525 763 588 contumaces
786 525 948 606 principes,
972 527 1008 589 ut
1031 523 1100 592 ideo

23 625 24 664 ³
124 641 180 688 eos
206 640 306 706 regno
329 621 467 704 priveut3
492 621 544 686 sed
567 620 702 704 gaudere
724 623 850 686 tantum
877 623 1034 704 spirituali
1049 643 1102 707 po·

22 763 23 786 2
126 721 261 795 testate,
278 721 408 784 viculus
421 720 526 784 tamen
541 719 655 784 directe
672 721 801 802 possunt
812 720 999 803 imperantes
1011 740 1102 805 expo·

125 819 209 882 liare
234 817 364 900 imperio
380 821 405 882 si
418 835 453 881 eo
470 817 643 882 abutuntur
656 816 696 880 ad
707 817 935 882 subversionem
953 818 1101 884 fidelium.

127 915 263 981 Certum
277 917 324 980 est
336 914 674 998 (aitvelLeibnitzius),
688 915 741 996 qui
753 915 847 980 habet
859 916 981 998 plenam
998 919 1102 982 aucto·

127 1014 264 1078 ritatem
287 1013 415 1078 curandi
437 1013 571 1078 salutem
594 1013 780 1090 animarum,
804 1013 906 1096 ipsum
923 1014 1033 1080 habere
1049 1035 1103 1098 per

127 1129 323 1192 consequens
346 1113 377 1176 et
400 1113 513 1176 natura
536 1130 603 1187 sua,
628 1112 723 1176 etiam
752 1111 901 1176 directam
924 1114 956 1176 et
978 1113 1101 1195 plenam

128 1208 356 1272 auctoritatem
375 1210 534 1292 tyrannos,
550 1209 603 1290 qui
619 1207 723 1272 fideles
739 1207 779 1272 ad
794 1209 957 1274 interitum
973 1210 1100 1288 ducunt,

128 1305 331 1389 reprimendi,
347 1307 513 1383 coercendi,
541 1306 688 1390 puniendi
704 1308 736 1372 et
751 1307 903 1390 privandi,
921 1309 945 1372 si
963 1327 1049 1392 opus,
1066 1329 1101 1374 ea

129 1424 194 1486 qua
211 1405 387 1468 abutuntur
402 1405 488 1489 regia
505 1405 703 1470 auctoritate.
719 1404 877 1470 Audiatur
893 1406 931 1469 D.
949 1407 1101 1472 Thomas:

133 1526 154 1562 ‹
169 1501 233 1581 Qui
246 1501 340 1566 fidem
350 1503 558 1584 susceperunt,
576 1503 679 1585 potest
691 1503 917 1568 sententialiter
926 1503 1101 1590 (Ecclesia)

134 1625 155 1660 e
170 1600 291 1682 punire,
308 1600 341 1664 et
355 1599 570 1664 convenienter
592 1600 625 1666 in
641 1599 700 1664 hoc
724 1600 905 1681 puniuntur,
931 1599 1013 1682 quod
1029 1601 1101 1665 sub·

135 1723 155 1757 ‹
171 1697 249 1762 ditis
271 1697 414 1762 fidelibus
430 1697 583 1762 dominari
598 1715 657 1762 nou
681 1698 827 1780 possunt;
851 1698 909 1762 hoc
929 1699 1010 1764 enim
1034 1717 1102 1764 ver·

137 1820 156 1855 e
171 1815 245 1880 gere
261 1797 366 1877 posset
381 1796 412 1858 in
428 1814 574 1878 magnam
590 1794 662 1860 fidei
678 1795 904 1877 corruptionem
921 1797 994 1878 quia
1010 1796 1101 1862 homo

135 1919 156 1953 a
171 1895 320 1977 apostata
346 1911 441 1976 pravo
468 1892 558 1957 cordo
582 1892 779 1958 machinatur
802 1893 921 1958 malum
944 1897 976 1958 et
998 1893 1100 1978 iurgia

134 2015 154 2050 a
171 1992 315 2068 seminat,
332 1991 492 2056 intendens
507 1989 647 2055 homiues
673 2009 814 2072 separare
838 2009 857 2056 a
881 1990 950 2056 fide.
974 1992 1015 2056 Et
1031 1991 1099 2056 ideo

22 2147 23 2152 ,
134 2113 155 2147 e
171 2108 266 2171 quam
283 2089 344 2153 cito
361 2089 474 2170 aliquis
490 2107 543 2172 per
559 2089 745 2152 seutentiam
762 2088 973 2166 denuntietur,
984 2107 1102 2154 ercom-

136 2211 154 2246 ‹
169 2187 348 2266 manicatus
364 2188 487 2270 propter
502 2187 692 2268 apostasiam
710 2206 728 2251 a
745 2185 813 2262 fide,
842 2187 909 2269 ipso
926 2188 1008 2252 lacto
1032 2188 1098 2252 eius

131 2309 153 2343 ‹
168 2284 288 2350 subditi
311 2286 385 2348 sunt
409 2284 544 2348 absoluti
568 2283 740 2348 adominio
767 2283 843 2360 eius,
867 2286 899 2347 et
923 2284 1097 2350 iuramento

136 2382 332 2446 «fidelitatis
348 2401 408 2464 quo
424 2382 452 2446 ei
468 2381 663 2446 tenebantur.
681 2405 698 2441 a
718 2381 763 2462 (2.
782 2383 812 2456 2,
830 2400 859 2462 q.
879 2383 930 2457 12,
950 2401 979 2446 a.
998 2384 1042 2466 2).
1059 2382 1100 2446 Et

130 2479 191 2544 hoc
206 2499 298 2544 sensu
314 2498 370 2544 sua
386 2498 505 2562 semper
520 2477 684 2543 Pontifices
704 2479 857 2561 potestate
880 2481 930 2544 usi
945 2482 1039 2544 sunt:
1057 2481 1100 2544 sic

131 2577 304 2662 Gregorius
320 2577 380 2640 Vll
396 2577 428 2641 in
444 2577 631 2658 depositione
646 2576 772 2640 Henrici
789 2577 834 2640 lV
859 2577 907 2642 die
936 2577 976 2641 17
993 2579 1099 2643 martii

135 2675 233 2752 1080,
249 2695 287 2739 ne
302 2695 400 2739 unum
416 2675 544 2739 verbum
572 2675 647 2739 facit
671 2674 709 2740 de
734 2675 850 2740 duecte
874 2676 923 2741 vel
949 2676 1099 2742 indirecta

132 2772 298 2856 temporali
321 2773 379 2836 hac
403 2773 568 2855 potestate,
592 2771 645 2838 sed
669 2791 701 2836 se
723 2772 756 2838 id
783 2774 881 2858 egisse
908 2774 1045 2839 declarat
1069 2775 1100 2840 vi

132 2870 300 2951 potestatis
323 2870 458 2935 clavium
475 2871 534 2934 sibi
562 2889 580 2934 a
609 2869 732 2936 Christo
760 2871 895 2936 traditae
914 2870 935 2934 ¹.
952 2872 1032 2935 Item
1049 2872 1100 2934 In·

169 3137 179 3172 ¹
193 3138 221 3193 S.
235 3139 387 3208 Gregorius
401 3139 452 3194 ΡΡ.
467 3138 528 3206 VH,
541 3139 572 3194 in
594 3139 649 3194 fine
674 3139 769 3194 Const.
791 3141 879 3195 Beate
891 3139 982 3203 Petra,
997 3141 1011 3193 7
1026 3157 1100 3194 mar·

132 3228 167 3282 tii
182 3229 260 3294 1080,
277 3246 333 3297 qua
346 3229 498 3282 Henricuru
513 3229 646 3297 Imperat.
661 3229 800 3298 deposuit.
816 3230 871 3284 BB.
886 3229 1036 3297 Apostolos
1050 3227 1100 3284 Pe·

133 3321 208 3372 trum
229 3323 258 3373 et
277 3319 395 3373 Paulum
415 3319 560 3384 invocans,
582 3319 743 3373 concludit:
760 3317 771 3341 “
789 3319 874 3387 Agite
889 3335 971 3380 nunc,
986 3335 1099 3388 quaeso,

133 3405 229 3461 Patres
250 3411 279 3460 et
299 3405 442 3474 principes
464 3405 643 3470 sanctissimi,
664 3411 696 3460 ut
715 3407 807 3460 omnis
821 3407 941 3460 mundus
954 3406 1100 3476 intelligat

132 3499 161 3549 et
179 3499 342 3566 cognoscat,
357 3495 425 3564 quia
444 3494 468 3547 si
488 3495 606 3563 potestis
626 3495 655 3548 in
675 3496 754 3550 coelo
773 3495 864 3565 ligare
877 3500 906 3550 ct
921 3496 1037 3560 solvere,
1053 3513 1100 3564 po-

131 3585 211 3640 testis
223 3585 253 3638 in
266 3589 343 3640 terra
355 3584 484 3652 imperia,
498 3601 595 3652 regna,
607 3585 794 3653 principatus,
808 3585 958 3646 marchias,
972 3585 1100 3650 ducatus,

130 3675 290 3734 comitatus.
303 3677 332 3728 et
344 3673 469 3728 omnium
480 3674 625 3729 hominum
645 3675 836 3742 possessiones
856 3693 906 3742 pro
921 3675 1030 3728 meritis
1045 3674 1101 3730 tol·
