2818 4276
371 257 436 304 cle.
460 259 480 303 1.
505 257 544 304 DE
569 257 696 304 ROMANO
721 257 877 303 PONTIFICE
1062 256 1106 310 131

129 479 155 512 «
185 456 226 516 ut
250 452 385 517 eiusdem
410 455 452 518 sit
475 454 552 518 iuris
575 473 736 536 supremus
753 454 784 518 in
800 471 835 517 eo
860 453 1032 536 spiritualis
1047 473 1112 518 ma-

130 575 153 610 «
184 551 373 635 gistratus...
398 551 560 615 discoloria
585 553 751 633 potestate,
776 551 920 632 omnique
940 551 1111 616 necessaria

128 675 155 707 «
185 648 228 712 ad
253 648 434 729 explendum
460 669 572 713 munus
604 669 658 732 pro
681 649 784 714 saluto
817 648 969 713 Ecclesiae
1000 648 1112 733 agendi

129 773 156 805 «
187 747 340 811 facultate
363 747 583 812 instructus».

188 845 267 908 397.
293 881 333 890 -
358 846 399 908 ll.
424 845 553 910 Summa
578 847 717 928 potestas
733 845 765 908 in
782 845 918 909 Ecclesia
934 864 992 909 non
1009 844 1112 910 solnm

129 943 221 1008 data
245 943 293 1006 est
315 941 418 1017 Petro,
444 943 497 1006 sed
524 941 651 1024 reliquis
684 943 780 1008 etiam
803 942 972 1024 Apostolia
1005 947 1035 1006 et
1065 941 1113 1006 ln'a

28 1081 32 1090 ·
130 1040 272 1121 quidem
294 1043 330 1102 nt
352 1045 510 1119 tamquam
526 1041 781 1104 extraordinario
797 1060 924 1102 manere
940 1043 970 1102 ot
984 1059 1053 1102 onan
1069 1039 1114 1104 eis

134 1138 316 1202 interitura
331 1137 542 1221 fungerentur.
559 1137 648 1201 Unde
664 1156 768 1202 omnes
792 1136 870 1200 illud
895 1137 985 1200 Pauli
1002 1137 1113 1201 merito

132 1235 210 1300 sibi
232 1233 387 1298 vindicare
410 1237 569 1316 poterant:
586 1236 741 1298 instaoiia'a
755 1255 824 1298 mea
847 1235 1040 1314 qnotidaana,
1056 1235 1115 1299 sol·

135 1332 277 1396 licando
300 1333 437 1395 omniane
460 1332 684 1396 Eoolen'nrnn.
709 1332 820 1396 Sancto
845 1351 915 1396 vero
938 1333 1030 1397 Petro
1046 1351 1115 1397 oon·

133 1448 234 1494 cessa
259 1432 306 1494 est
328 1431 499 1494 auotoritas
526 1431 581 1494 illa
605 1449 748 1512 suprema
772 1447 923 1506 announu
948 1447 1115 1494 onnnninio

137 1544 287 1602 cusnani,
315 1544 366 1590 cui
388 1545 548 1592 ecnennuo
572 1545 821 1604 succnnnncnun,
844 1528 1025 1609 Apostolica
1049 1530 1114 1592 tan·

135 1625 220 1688 dem
245 1625 431 1688 auctoritate
455 1625 494 1688 ad
506 1645 603 1689 unum
620 1629 764 1690 revocata
746 1646 775 1690 a.
794 1625 882 1690 Unde
895 1625 1006 1690 Sancti
1021 1626 1117 1690 Patri

139 1721 247 1786 Sedes
269 1723 512 1786 antonomastice
534 1723 717 1802 Apostolaoa
732 1724 816 1786 diota
840 1729 884 1788 est
907 1743 925 1788 a
949 1722 979 1788 S.
1004 1725 1116 1788 Hiero·

139 1839 253 1904 nymo
278 1821 335 1882 eto.
310 1819 439 1900 olNat
440 1820 481 1884 al.
505 1820 617 1903 Alex.)

197 1918 320 1980 398.—
339 1919 396 1982 lll.
406 1919 460 1982 Ea
472 1920 548 1984 aen
523 1925 564 1986 tea
579 1920 745 1984 desummo
759 1919 944 1999 sublimique
968 1919 1010 1984 R.
1027 1917 1115 1984 Pon·

140 2017 248 2097 tifiois
270 2015 432 2097 dapna‘tata
450 2022 541 2096 patet
570 2039 664 2098 qnam
687 2015 875 2082 rationabile
894 2019 937 2080 sit
967 2016 1116 2082 Os'cununi

145 2115 248 2178 Panis
271 2134 330 2193 qno
353 2113 497 2178 catholini
510 2115 651 2179 Romani
666 2113 834 2194 Ponttfiois
858 2116 1004 2178 nanostat
1004 2135 1051 2178 em
1066 2135 1116 2178 oa·

139 2233 251 2275 noran
255 2218 383 2274 tnn-
409 2213 441 2275 1⁰
465 2213 563 2277 Primi
594 2213 728 2277 fideles
721 2231 859 2295 ipsorum
894 2215 1115 2296 Episcoporum

142 2309 244 2395 pedes
267 2310 497 2386 osculabantur,
522 2312 601 2374 teste
635 2311 673 2374 D.
708 2311 977 2394 Hieronymo.-
934 2312 1036 2372 -02
1060 2310 1117 2374 Po·

144 2408 246 2492 pulus
268 2413 299 2471 et
314 2408 423 2484 clerus,
436 2409 543 2472 scribit
554 2407 801 2490 Anastasius(ln
816 2409 889 2472 vltis
904 2407 1115 2490 Pontificum),

143 2508 254 2571 Leone
278 2505 322 2569 lV
350 2505 457 2582 eleeto,
489 2506 580 2588 pedes
611 2505 885 2570 deosculabantur:
918 2507 973 2586 qni
1002 2526 1117 2570 morcon

142 2608 369 2670 conservantes
384 2605 560 2684 antiquam,
578 2624 682 2669 oannes
698 2605 764 2668 eins
780 2604 912 2668 cenanti
926 2605 1116 2684 sonipedes,

151 2737 195 2749 -
236 2702 270 2764 3⁰
301 2700 524 2766 Constantinus
559 2702 750 2768 deosculnvit
784 2702 875 2784 pedes
910 2702 941 2768 S.
976 2702 1119 2768 Silvestri

145 2801 266 2882 Papae,
290 2799 456 2864 Iustinusl
471 2799 596 2865 loannis
619 2801 732 2882 Papae,
748 2801 943 2864 lastinianus
966 2798 1118 2864 Constan-

147 2899 213 2963 tini
235 2898 348 2980 Papae.
373 2935 417 2944 -
451 2899 487 2961 4⁰
516 2897 588 2962 Uno
620 2918 688 2961 anm
714 2898 793 2978 pede
824 2897 916 2962 Rom.
947 2897 1118 2975 Pontifices

145 2996 313 3062 osculatur
335 3017 414 3060 orna
436 2997 472 3060 a'n
494 2995 606 3060 conns
635 2995 818 3076 efformata:
843 2995 923 3058 unde
945 2993 1031 3075 Papa
1054 3015 1117 3058 non

144 3093 271 3177 plantat
271 3115 311 3158 nr
333 3095 399 3158 nist
420 3095 455 3157 tn
477 3113 576 3171 nnec,
601 3113 680 3176 qnae
696 3093 821 3176 quidem
837 3093 869 3156 in
894 3091 1036 3156 omnibus
1052 3091 1118 3155 eius

148 3192 343 3276 paramentis
374 3192 540 3257 invenitur
575 3217 593 3250 e
620 3191 812 3256 Adorabunt
800 3189 975 3271 toestipca
1005 3188 1118 3268 pedam

149 3297 324 3354 aaaron».
348 3289 454 3372 (lsaia‚
468 3291 597 3374 60).-
551 3288 673 3354 -cu
689 3289 817 3374 Margot
817 3285 1120 3371 tifflnnenon-

146 3389 239 3472 dra),
264 3389 452 3465 Soavinit
420 3391 478 3454 etc.
