2750 4270
309 233 362 285 206
511 233 686 279 ruuoruuus
709 232 752 278 111.
777 211 816 278 nri
841 231 1062 278 nnncuoursus

355 431 430 494 601.
454 467 498 476 -
524 429 633 494 obitus
660 429 745 494 Rom.
771 429 858 493 Pont.
884 429 1016 492 durante
1054 427 1199 493 concilio.
1220 463 1259 472 —
1335 459 1336 524 }

310 528 394 591 Pius
409 527 466 591 IX
482 527 516 590 iu
533 527 610 590 Litt.
629 526 691 606 Ap.
714 551 731 584 s
752 523 830 588 Oura
846 525 1001 588 Romanis
1017 523 1222 603 Pontificibus
1233 548 1260 597 e,

308 627 367 690 ait:
397 649 415 684 a
430 625 476 687 De
499 623 697 705 Apostolicae
721 623 887 705 potestatis
911 621 1102 704 plenitudine
1137 621 1261 683 declara·
1335 603 1336 636 ³

312 749 329 782 «
345 743 425 800 mus,
451 723 641 786 decernimus
665 723 759 803 atque
772 721 943 785 statuimus
957 719 1047 802 quod,
1071 721 1102 783 si
1120 719 1262 799 placuerit

310 983 362 1028 sor,
383 981 571 1018 successorem
591 963 645 1016 sibi
663 964 754 1032 possit
773 958 907 1026 sufficere,
935 967 966 1016 ut
992 961 1089 1030 colligi
1108 961 1215 1015 videtur
1232 975 1261 1012 ex

310 1072 371 1109 cau.
390 1055 527 1108 transitus
547 1058 589 1118 10,
603 1055 674 1115 ,diet
697 1058 738 1117 70,
759 1070 832 1122 nego
852 1057 957 1113 tamen,
977 1053 1051 1120 quod
1079 1051 1155 1105 istud
1182 1051 1261 1118 possit

311 1146 453 1210 potestate
472 1143 623 1196 ordinaria.
644 1168 678 1178 —
693 1141 776 1196 Ratio
791 1145 834 1194 est
851 1142 877 1194 1⁰
891 1141 958 1209 quia
972 1140 1057 1208 Papa,
1072 1145 1102 1194 et
1117 1139 1259 1208 Episcopus

266 1289 270 1308 Ι
310 1231 420 1285 ratione
449 1231 606 1296 spiritualis
635 1231 760 1299 coniugii
790 1248 818 1284 se
846 1231 933 1284 habet
953 1231 988 1283 ad
1008 1229 1164 1284 Ecclesiam
1183 1246 1262 1288 suam,

311 1320 384 1374 sicut
403 1319 520 1372 maritus
540 1319 576 1372 ad
595 1337 724 1374 uxorem:
745 1319 825 1387 atqui
844 1320 898 1373 iste
913 1319 999 1371 alium
1014 1317 1067 1370 sibi
1081 1333 1264 1371 successurum

310 1409 339 1462 in
359 1409 497 1478 coniugio,
518 1409 604 1462 etiam
624 1413 688 1477 post
708 1413 827 1463 mortem
846 1425 934 1472 suam,
954 1407 1126 1461 constituere
1154 1406 1263 1474 nequitt

310 1513 385 1565 ergo,
405 1500 457 1550 etc.
478 1497 508 1549 2⁰
528 1495 689 1564 Dispositio,
709 1497 777 1550 licet
796 1496 833 1550 sit
861 1495 941 1550 facta
968 1499 1094 1562 tempore
1124 1494 1216 1553 habili,
1244 1493 1265 1546 si

310 1585 474 1640 conferatur
502 1585 531 1638 in
559 1590 671 1652 tempus
699 1585 834 1648 inhabile,
864 1584 972 1637 nullum
1001 1584 1035 1636 de
1063 1583 1123 1636 iure
1143 1582 1263 1637 effectum
1335 1581 1336 1586 ’

310 1675 410 1728 habet:
430 1675 497 1728 talis
517 1679 560 1728 est
580 1674 743 1728 substitutio
763 1673 828 1727 novi
849 1673 1001 1739 Pontificis,
1021 1690 1039 1725 a
1059 1673 1264 1746 praedecessore
1335 1685 1336 1690 ’

311 1765 402 1830 facta;
423 1766 568 1820 confertur
587 1766 662 1820 enim
682 1765 711 1818 in
730 1769 842 1833 tempus
862 1765 970 1829 mortis,
984 1782 1039 1832 quo
1054 1764 1132 1832 Papa
1144 1782 1198 1818 non
1212 1781 1262 1818 am·

311 1855 384 1924 plius
404 1859 456 1909 est.
476 1856 505 1908 3⁰
525 1855 691 1910 Huiusmodi
711 1855 883 1920 substitutio,
894 1854 918 1908 si
937 1853 1079 1908 ordinarie
1091 1854 1152 1907 fieri
1166 1871 1183 1907 a
1195 1853 1263 1921 Pspu

309 1947 412 2010 posset,
432 1947 556 1997 mutaret
577 1942 743 1996 universalis
762 1942 906 1996 Ecclesiae
927 1945 1041 2005 statum,
1071 1947 1100 1995 et
1128 1942 1263 1995 induceret
1335 1949 1336 1978 ἓ

308 2033 553 2086 transmissionem
583 2031 803 2086 haereditariam
830 2032 1025 2097 Pontificatus,
1054 2049 1139 2100 quam
1168 2036 1262 2093 tamen,

308 2126 455 2190 tamquam
474 2122 596 2175 maxime
616 2121 804 2190 perniciosam
832 2121 964 2189 regimini
993 2121 1143 2188 spirituali,
1165 2136 1264 2188 semper

309 2230 422 2267 exosam
442 2213 569 2266 Ecclesia
589 2213 688 2266 habuit
711 2253 731 2276 ,.
751 2239 786 2248 —-
806 2211 852 2265 IV.
875 2211 1071 2266 Grandclaude
1100 2213 1172 2274 (Ius.
1195 2210 1263 2274 Oua,

310 2303 328 2356 l.
348 2309 372 2367 1,
392 2305 434 2357 tit.
454 2306 479 2368 6,
496 2319 561 2370 pay.
586 2299 671 2361 189).·
693 2301 909 2356 “Consentiunt
937 2305 982 2355 sat
1010 2301 1197 2356 communiter
1216 2298 1262 2353 ΤΤ.

292 2377 338 2445 ¹et
358 2389 409 2444 00.
429 2391 588 2445 Romanum
608 2391 772 2446 Pontificem
791 2410 847 2446 non
873 2392 977 2446 habere
999 2395 1173 2460 potestatem
1201 2389 1263 2445 desi-

307 2481 416 2550 gnandi
436 2475 586 2549 personam
606 2483 782 2545 successoris,
802 2481 845 2536 ita
864 2483 966 2535 saltem
987 2485 1018 2535 ut
1044 2482 1090 2534 hic
1118 2482 1216 2536 modus
1234 2479 1263 2534 sit

308 2569 484 2624 ordinarius:
509 2571 561 2624 hoc
581 2575 678 2637 aperte
698 2571 857 2624 declarasse
877 2571 956 2624 Pium
977 2571 1015 2624 lV
1035 2573 1065 2624 in
1085 2573 1156 2624 sctis
1184 2568 1262 2625 consi·

309 2659 470 2714 storiulibus
490 2659 578 2713 refert
597 2660 781 2728 Reginaldus,
813 2677 879 2714 ann.
911 2662 986 2726 1561,
1014 2664 1043 2714 et
1070 2661 1161 2714 multo
1188 2665 1262 2713 antea
1327 2723 1331 2732 1

309 2747 392 2803 Cone.
411 2750 490 2804 Rom.
511 2767 577 2802 ann.
597 2750 648 2802 461
673 2791 693 2814 ,.
725 2779 747 2784 -
772 2749 804 2803 V.
824 2750 1009 2807 Bonalilust.
1027 2749 1182 2816 Oun.‚1‚p.
1197 2746 1262 2806 299)ss

312 2837 322 2861 ¹⁴
340 2837 455 2905 Triplex
475 2843 518 2892 est
537 2856 571 2892 ea
590 2839 624 2892 de
643 2856 673 2892 re
688 2839 839 2894 sententia.
854 2840 909 2892 Alii
925 2840 1030 2908 quippe
1044 2842 1147 2906 putant
1160 2839 1261 2892 modum

309 2928 470 2981 assumendi
490 2927 516 2982 S.
537 2927 702 2982 Pontificem
722 2947 778 2984 non
798 2928 886 2982 fuisse
900 2946 917 2982 a
933 2927 1044 2982 Christo
1058 2928 1259 2996 praescriptum,

309 3021 358 3071 sed
377 3017 520 3072 Ecclesiae
540 3019 734 3082 commissum;
754 3023 840 3086 atque
859 3017 922 3072 ideo
950 3018 977 3071 S.
998 3019 1162 3072 Pontificem
1191 3029 1259 3086 posse

309 3123 391 3160 suum
409 3123 598 3161 successorem
618 3107 732 3176 eligere.
752 3135 785 3142 -
808 3107 863 3160 Alii
893 3104 1036 3160 affirmant
1061 3107 1086 3162 S.
1107 3106 1258 3161 Pontificem

309 3213 366 3250 non
385 3212 467 3262 posse
487 3214 567 3249 snum
588 3212 778 3250 successorem
798 3195 912 3264 eligere,
932 3196 988 3249 nisi
1007 3213 1079 3263 raro,
1094 3213 1141 3250 seu
1155 3193 1209 3248 nisi
1225 3207 1258 3246 nr·

308 3288 395 3355 geute
414 3290 443 3340 st
462 3291 562 3354 aperta
581 3286 724 3340 Ecclesiae
742 3287 927 3352 necessitate;
948 3288 1015 3355 quia
1035 3304 1140 3355 magna
1158 3298 1257 3352 exurge·

309 3377 374 3430 rent
393 3375 469 3428 mala
488 3391 522 3429 ex
541 3393 593 3429 usu
612 3375 754 3430 ordinario
773 3375 849 3430 illius
870 3375 1034 3434 facultatis:
1053 3376 1095 3430 ita
1114 3370 1257 3432 Suareude

310 3463 392 3526 Fide,
412 3463 483 3532 disp.
506 3464 547 3528 10,
567 3467 633 3518 sect.
654 3464 680 3528 4,
700 3483 727 3518 n.
747 3465 818 3519 616.
839 3489 873 3502 -·
892 3464 949 3518 Alii
968 3465 1085 3518 tandem
1098 3461 1255 3518 communius

310 3569 344 3606 ac
363 3551 446 3606 valde
456 3553 630 3621 probabilius
642 3553 769 3608 sentiunt
782 3553 893 3608 modum
905 3571 956 3622 per
971 3553 1136 3622 suffragium
1150 3550 1253 3621 plurium

310 3641 474 3698 assumendi
494 3641 521 3696 S.
540 3641 706 3698 Pontificem
725 3643 814 3698 fuisse
834 3661 851 3697 a
870 3642 981 3698 Christo
1010 3643 1216 3714 praescriptum,
1232 3638 1253 3690 ei
