2758 4270
308 265 361 320 348
615 268 789 317 sutoribus
813 269 853 316 DE
876 268 977 316 BEBUS

306 465 433 530 minime
457 465 604 548 potuisse,
628 465 757 546 ideoque
780 464 885 530 fideles
907 464 947 529 ad
962 482 1015 528 eas
1030 463 1196 528 solvendas
1210 482 1266 528 non

306 581 394 626 secus
416 565 510 644 atque
533 564 625 628 autea
649 564 773 628 omniuo
798 562 905 638 teneri
929 579 983 627 neo
1012 580 1203 643 quemquam
1232 563 1267 626 ab
1358 639 1359 644 ἵ

308 679 395 724 onere
418 661 449 724 et
472 661 661 744 obligatione
685 660 864 726 huiusmodi
886 659 1011 726 liberari
1027 659 1088 724 nisi
1102 679 1159 741 per
1174 659 1268 724 solam

306 757 545 822 ecclesiasticam
568 757 788 822 auctoritatem
809 775 911 839 posse.
943 757 974 820 2.
1005 756 1109 841 Igitur
1140 775 1203 838 quo
1224 756 1268 820 f·

307 854 395 918 cilior
417 855 525 936 pateat
546 854 689 920 fidelibus
709 854 759 919 via
776 873 850 919 suae
865 854 1042 920 consulendi
1057 855 1269 930 conscientiae,

306 971 432 1033 seseque
448 953 487 1016 ab
504 971 593 1017 onere
606 953 795 1016 decimarum
808 953 1024 1018 solvendarum
1040 955 1072 1016 in
1089 954 1268 1036 perpetuum

306 1049 468 1132 liberandi,
489 1049 586 1128 iidem
602 1048 756 1114 Ordinarii
772 1069 825 1132 eos
841 1049 1029 1125 excitabunt,
1046 1049 1141 1138 utad
1156 1051 1267 1114 iustam

306 1145 496 1212 decimarum
520 1148 771 1229 redemptionem,
795 1147 844 1210 vel
868 1147 974 1222 etiam,
999 1148 1052 1210 ubi
1075 1167 1169 1212 casus
1184 1147 1267 1221 ierat,

307 1244 502 1326 adaequem
526 1265 617 1327 super
639 1245 702 1309 illis
726 1245 978 1327 compositionem
1002 1245 1130 1308 admitti
1156 1246 1268 1327 petant.

307 1340 403 1422 Quem
435 1343 466 1407 in
496 1343 587 1406 finem
621 1343 715 1408 Sacra
746 1342 989 1407 Poenitentiaria
1018 1343 1055 1406 de
1085 1343 1214 1426 speciali
1241 1345 1269 1406 et

307 1459 448 1524 expressa
470 1441 648 1522 Apostolioa
672 1442 861 1506 auctoritate
891 1441 1079 1506 necessarias
1109 1443 1142 1505 et
1170 1459 1269 1522 oppor-

307 1541 400 1604 tunas
424 1539 589 1603 facultates
612 1540 754 1604 omnibus
777 1539 808 1602 in
833 1538 926 1602 ltalia
946 1538 1085 1602 locorum
1102 1538 1268 1602 Ordinariis

307 1637 417 1702 harum
453 1639 558 1702 tenore
592 1638 768 1702 litterarum
804 1635 916 1700 tribuit
950 1636 990 1700 ad
1028 1637 1267 1718 quinquennium

308 1735 474 1800 dumtaxat
496 1735 660 1800 valituras.
686 1735 717 1798 3.
742 1735 839 1800 Facta
869 1735 976 1798 autem
1006 1733 1198 1798 decimarum
1227 1753 1268 1797 re·

308 1832 486 1914 demptione
510 1833 558 1896 vel
581 1833 804 1915 compositione
826 1833 961 1914 pretium
985 1832 1176 1908 earumdem,
1206 1852 1270 1914 pru·

266 2002 269 2007 .
308 1931 392 1996 denti
417 1929 651 1996 Ordinatiorum
673 1931 797 2005 iudicio,
821 1931 909 1994 iuxta
932 1930 1101 2012 peculiaria
1127 1931 1271 2011 cuiusque

308 2047 398 2092 casus
421 2028 567 2092 adiuncta
591 2027 870 2103 determinandum,
894 2047 962 2090 curn
995 2028 1057 2092 stet
1087 2027 1157 2091 loco
1182 2026 1271 2092 sortis
1362 2039 1363 2056 ¹

308 2125 508 2200 decimarum,
532 2125 700 2190 collocetur
722 2125 754 2188 in
784 2126 865 2198 tuto,
895 2125 1023 2188 honesto
1054 2125 1086 2188 et
1116 2124 1271 2188 fructifero

308 2223 547 2296 investimento;
571 2223 691 2288 fructus
715 2241 786 2288 vero
818 2223 1011 2304 applicentur
1041 2221 1196 2286 beneficiis
1226 2222 1273 2286 rel

309 2319 476 2400 pisionis,
508 2339 587 2401 quae
620 2319 768 2384 damnum
801 2337 892 2400 passa
923 2319 1047 2382 fuerint.
1072 2319 1104 2380 4.
1136 2316 1197 2397 Qui
1229 2317 1273 2382 de·
1363 2327 1364 2350 ³

308 2417 405 2481 cimas
428 2437 482 2482 nec
504 2418 700 2494 redemerint,
735 2436 790 2481 neo
824 2435 915 2498 super
948 2417 1012 2482 illis
1035 2417 1100 2480 ullo
1131 2416 1223 2480 modo
1245 2435 1273 2480 se

308 2515 547 2596 composuerint,
564 2521 594 2578 et
609 2514 782 2580 cathedrali
796 2518 853 2577 aut
867 2513 1108 2594 quibuscumque
1130 2511 1207 2576 aliis
1231 2533 1272 2576 co-

309 2610 411 2674 elestis
434 2611 481 2674 oet
509 2613 664 2692 personia,
689 2611 802 2692 necibus
826 2610 960 2692 lepitime
981 2609 1133 2674 debentur
1155 2611 1273 2690 intepre

305 2707 481 2789 persolvere
503 2709 671 2786 noluerint,
694 2729 759 2772 aon
781 2708 993 2784 absolvantur,
1017 2708 1083 2772 nisi
1100 2707 1201 2786 plena
1227 2727 1273 2770 re·

309 2806 470 2870 stitutione
503 2810 608 2870 secuto
639 2805 744 2888 (Ocno.
769 2805 865 2882 Trio„
897 2825 921 2870 s.
947 2807 999 2882 25,
1023 2804 1060 2868 de
1084 2805 1122 2870 s.
1148 2802 1182 2868 d.
1209 2805 1272 2887 12),

310 2903 405 2967 salvis
429 2905 534 2968 tamen
561 2905 676 2988 regulis
710 2924 728 2968 a
764 2905 902 2986 probatis
936 2903 1116 2968 auctoribus
1151 2902 1274 2966 traditis

308 3002 389 3066 circa
412 3002 494 3079 illos,
519 3004 573 3085 qui
597 3003 701 3084 iuopia
718 3003 766 3068 rel
789 3003 972 3085 paupertate
988 3002 1143 3066 laborant.
1169 3002 1199 3064 5.
1212 2999 1273 3064 No-

312 3099 411 3163 verint
434 3101 559 3182 iusuper
582 3098 736 3164 Ordiuarii
761 3099 898 3174 tolerari,
922 3101 960 3162 ut
983 3098 1031 3162 vel
1059 3099 1119 3180 ipsi
1147 3098 1195 3162 vel
1226 3115 1274 3180 pa·

310 3197 396 3260 roohi
419 3198 544 3280 aliique,
569 3217 701 3279 quonum
722 3198 895 3273 interest‚a
910 3197 1058 3281 gubernio
1074 3198 1183 3278 petant
1197 3214 1272 3260 com·

311 3295 522 3376 pensationem
545 3314 600 3378 pro
623 3295 735 3360 damno
760 3296 819 3360 sibi
842 3296 949 3370 illato;
974 3295 1019 3360 ita
1042 3297 1158 3370 tamen,
1187 3293 1271 3358 utin

311 3391 487 3456 huiusmodi
511 3394 661 3476 petitione
684 3394 762 3457 nibil
785 3395 989 3468 contineatur,
1007 3393 1090 3474 quod
1113 3392 1153 3457 ad
1176 3393 1224 3455 ius
1238 3389 1272 3452 de

311 3488 438 3554 decimis
461 3490 642 3572 disponendi
664 3491 696 3554 in
717 3492 797 3555 laica
813 3492 969 3572 potestate
986 3489 1178 3573 probandum
1194 3483 1271 3552 trahi

311 3586 419 3667 possit,
444 3589 475 3650 et
498 3606 635 3670 expresse
659 3588 850 3674 significetur
866 3588 1146 3670 compensationem
1161 3585 1220 3669 pet'
1237 3581 1272 3646 ti·
