2758 4270
298 253 352 306 268
578 251 752 298 salmurus
775 253 814 298 DE
838 252 985 298 Passurus

345 454 419 516 794.
444 489 488 498 -
510 452 553 515 Il.
578 451 733 516 Parochus
756 452 910 536 regularis
934 452 1060 516 tenetur
1080 451 1224 515 habitare
1242 452 1272 516 in

298 553 391 617 domo
407 551 587 633 parochiali,
600 569 660 615 uon
673 569 745 614 vero
762 551 792 614 iu
806 551 996 615 monasterio
1012 549 1147 614 distanti
1162 569 1183 613 a
1198 568 1274 614 cura

300 649 344 733 (S.
362 651 399 713 R.
416 647 461 726 0,
480 650 498 712 5
515 649 590 730 Apr.
610 649 721 730 1621).

345 747 420 811 795.
443 785 487 794 -
510 747 568 810 111.
592 746 724 810 Ρ9999199
748 746 910 811 viciniores
934 747 1007 810 actu
1032 747 1207 810 exercentes
1222 765 1275 808 cu-

298 866 365 910 ram
389 847 563 910 animarum
587 863 648 909 non
671 847 802 926 possunt
825 845 941 926 absque
964 843 1121 908 Ordinarii
1144 845 1272 908 licentia

299 944 430 1008 invicem
454 962 486 1006 se
509 943 626 1006 substit
584 945 697 1006 9999999
721 941 765 1024 (8.
789 943 827 1005 19.
852 940 897 1018 O,
924 943 1040 1006 8Feb.
1067 942 1179 1023 1747).

345 1041 484 1104 796.-
512 1041 683 1106 Varia.-
707 1041 732 1102 Ι.
757 1039 843 1103 Illitt
818 1040 927 1103 tterati
948 1043 978 1103 ct
1009 1041 1148 1119 imperite
1179 1059 1272 1121 paro-

298 1141 447 1204 chialium
470 1139 668 1203 ecclesiarum
691 1140 825 1202 rectores
848 1139 944 1202 sacris
967 1139 1071 1201 minus
1102 1138 1169 1218 apti
1203 1137 1272 1202 offi-

299 1237 364 1314 ciis,
390 1238 439 1302 vel
462 1238 586 1320 propter
608 1236 835 1318 turpitudinem
860 1236 943 1300 vitae
966 1237 1113 1300 scandalo
1127 1236 1271 1300 fidelibus

298 1353 368 1398 cum
392 1335 464 1410 sint,
489 1335 660 1415 Episcopus
684 1334 772 1396 curet
795 1334 889 1396 etiam
913 1341 1073 1413 tamquam
1107 1333 1270 1415 dalepatae
1369 1397 1370 1420 2

299 1431 498 1515 Apostolicus
520 1434 557 1495 nt
580 1432 716 1495 habeant
739 1431 951 1496 coadiutorem
968 1451 1022 1496 seu
1035 1431 1197 1496 Vicarium
1215 1451 1269 1514 pro
1366 1447 1370 1533 J

299 1532 437 1612 tempore
461 1530 655 1612 deputatum.
680 1529 740 1593 Eos
764 1547 835 1593 vero
858 1531 911 1611 qui
934 1531 1068 1612 turpiter
1091 1532 1123 1593 et
1138 1532 1268 1595 99999919-
1365 1550 1371 1586 ·,

298 1628 361 1692 lose
385 1629 495 1692 vivunt
517 1628 653 1692 monitos
675 1629 861 1692 cocrceatac
885 1627 1012 1710 puniat3
1037 1629 1064 1692 si
1080 1649 1151 1692 vero
1166 1629 1268 1694 incor-

298 1725 435 1808 rigibiles
458 1727 664 1808 perseverant,
699 1743 751 1789 eos
785 1725 939 1790 beneficiis
973 1727 1117 1809 privandi
1151 1728 1268 1791 habeat

298 1822 480 1887 facultatem
503 1823 591 1886 iuxta
615 1825 966 1888 canonumsanctiones
991 1821 1088 1908 (Trid.
1113 1845 1188 1888 9999.
1213 1827 1265 1900 21,
1365 1868 1371 1909 3

298 1941 365 2000 cap.
390 1921 420 1997 6,
445 1922 482 1984 cte
505 1920 671 2004 Reform).

343 2019 417 2084 797.
443 2057 485 2064 -
508 2019 550 2082 ss.
574 2019 616 2082 In
640 2018 804 2083 collatione
828 2021 1039 2094 canonicatus,
1064 2023 1208 2100 quamvis
1234 2023 1267 2084 ci

295 2116 386 2178 unita
399 2118 443 2179 sit
457 2115 652 2196 parochialis
664 2118 800 2192 ecclesia,
823 2119 945 2200 oportet
958 2118 1115 2182 observari
1131 2119 1262 2184 formam
1368 2094 1371 2103 Ι

295 2215 444 2278 examinis
467 2234 520 2300 per
542 2234 723 2278 coneursum
747 2215 793 2297 (S.
819 2216 856 2279 19.
882 2213 928 2293 O,
954 2217 996 2278 20
1021 2216 1087 2280 lan.
1108 2216 1218 2304 1598).

342 2311 416 2374 798.
440 2349 485 2358 -
519 2313 577 2375 111.
612 2312 688 2376 Non
717 2317 852 2392 possunt
886 2313 1036 2394 beneficia
1070 2314 1262 2395 rccipnanda

295 2407 434 2486 conferri
462 2409 701 2490 consanpuincis
735 2408 918 2474 collatorum
952 2409 1001 2473 cel
1033 2411 1262 2491 resipnantium
1369 2431 1372 2493 5

1367 2498 1372 2523 Ι

297 2505 384 2587 (Pius
408 2506 490 2571 Vin
514 2507 607 2571 tertio
633 2526 712 2572 anno
736 2525 810 2572 suae
823 2509 1056 2589 assumptionis
1072 2508 1146 2572 Kal.
1162 2507 1259 2592 Apr).

296 2600 329 2666 Si
350 2621 386 2666 999
409 2602 530 2667 duobus
552 2605 803 2668 concurrentibus
819 2604 858 2668 ad
874 2605 1082 2686 parochialem
1104 2606 1259 2669 ecclesiam
1368 2592 1373 2619 ¹

296 2704 457 2764 vacantem
481 2704 553 2765 999
536 2702 677 2766 99999999
700 2703 962 2767 examinatoribus
975 2703 1178 2786 Synodalihus
1191 2721 1260 2766 cra-

295 2799 433 2874 minatis,
457 2799 503 2862 alt
490 2802 537 2862 ter
560 2817 665 2864 eorum
688 2801 727 2864 ab
751 2801 892 2864 omnibus
915 2801 1009 2864 fucrit
995 2803 1213 2883 approbatus
1224 2803 1260 2864 et

295 2895 416 2959 altera
444 2896 564 2960 duobus
598 2899 790 2980 reprobaturi,
826 2897 988 2960 debetut
951 2898 1059 2978 utique
1094 2899 1257 2980 Episcopus

295 2996 458 3076 tamquam
482 2995 582 3078 magis
606 2995 750 3060 idoneum
775 2995 887 3078 eligere
909 2995 1000 3058 illum
1016 2997 1070 3076 qai
1087 2995 1256 3062 omniasuf·

295 3090 395 3174 fragia
419 3111 473 3173 pro
496 3111 527 3155 se
551 3092 660 3155 tulisse
683 3091 865 3175 proponitur
881 3090 925 3173 (9.
943 3090 1056 3176 Congr.
1075 3093 1198 3168 Concil,
1217 3091 1254 3155 18
1374 3133 1375 3136 ¹

295 3189 369 3271 Apr.
397 3190 506 3272 1595).
532 3188 589 3252 Aa
609 3191 837 3253 examinatores
860 3189 987 3253 minime
1014 3194 1152 3270 partinet
1179 3189 1254 3253 iaci-
1371 3245 1372 3250 ,

295 3306 366 3350 care
389 3287 460 3366 quio
482 3288 526 3350 sit
547 3287 648 3367 mapis
671 3287 809 3360 idoneus,
835 3287 891 3350 sect
919 3287 963 3350 acl
991 3288 1189 3368 Episcopum,
1218 3305 1255 3350 ca
1371 3293 1372 3298 ’

295 3383 548 3447 concurrentibus
571 3384 615 3446 od
636 3383 794 3448 ecclesiam
820 3383 1034 3464 parochialem
1064 3384 1254 3450 obtinendam

297 3479 362 3566 (ib,
388 3483 406 3544 5
430 3481 505 3564 Apr.
532 3483 642 3565 1598).

342 3579 416 3642 799.
444 3617 478 3624 -
507 3579 561 3642 lV.
585 3579 684 3660 Saepe
707 3581 868 3662 continpit,
897 3584 933 3644 ut
964 3581 1093 3661 quidam
1123 3575 1254 3644 Parocbi

297 3677 442 3754 temporis
465 3677 606 3752 decursu,
631 3678 748 3741 indocti
777 3683 807 3741 ct
835 3678 991 3742 inhabiles
1020 3679 1249 3758 comperiantur,

290 3775 457 3850 propterea
480 3773 562 3866 quod
577 3777 652 3852 post
674 3774 819 3854 adeptam
840 3775 1019 3838 animarum
1042 3787 1250 3839 curamneccs-

1361 3854 1375 4232 9
