2812 4268
269 244 338 313 ,396
585 251 759 300 salmurus
782 251 822 299 nn
845 250 945 298 annus

332 445 429 508 1204.
455 481 498 492 -—
521 445 576 508 IV.
605 443 747 510 Clericus
769 446 807 510 dc
830 445 919 510 bonis
940 444 1103 525 acquisitis
1124 463 1165 506 ea
1188 439 1260 504 illi·

285 544 348 606 cita
370 543 578 622 nepotioiicne
601 563 662 608 non
685 545 788 625 potest
803 563 856 626 per
871 543 1103 614 testamentum,
1126 540 1180 604 vel
1195 537 1260 602 do-

287 640 445 702 nationem
468 657 562 704 causa
578 639 689 704 mortis
703 640 874 722 disponere,
890 641 965 704 licet
979 640 1055 704 baec
1076 636 1262 702 referantur

285 735 326 800 ad
350 737 521 818 temporale
544 737 610 800 eius
632 738 874 820 patrimonium:
890 738 963 820 quia
980 738 1025 802 ita
1040 736 1261 802 constitutum

159 835 163 842 '
284 835 334 898 est
356 833 388 898 in
411 851 542 916 poenam
559 836 686 917 peceati,
703 837 735 900 et
752 835 834 918 quod
850 836 894 900 sic
909 824 1096 917 acquisitum
1108 833 1157 898 est
1173 831 1261 895 olim

286 931 317 994 in
341 933 442 996 morte
465 931 669 996 adiiciebatur
692 934 791 1015 spolio
809 931 955 998 Gamerae
971 931 1187 1014 Apostolioae:
1204 928 1262 992 di-

285 1028 385 1092 cimus
408 1029 443 1090 ic
465 1035 573 1104 morte,
590 1048 662 1092 nam
678 1032 856 1095 contractus
873 1030 908 1094 de
924 1031 1040 1096 eisdem
1062 1029 1153 1092 rebus
1169 1027 1263 1090 inter

287 1125 376 1190 vivos
399 1126 462 1190 acti
485 1127 517 1190 iu
540 1125 607 1192 toro
631 1130 755 1193 externo
779 1129 876 1193 validi
892 1128 1085 1193 habebantur
1108 1124 1155 1208 (G.
1179 1125 1263 1188 Fer-

287 1224 374 1305 rari).

334 1321 430 1384 1205.
454 1359 496 1368 -
521 1321 558 1384 V.
583 1321 694 1388 Clerici
725 1343 831 1390 omnes
862 1325 1088 1406 eleemosynam
1119 1323 1263 1386 solerter

286 1418 319 1481 et
341 1420 519 1482 constanter
542 1439 597 1501 pro
622 1421 739 1484 viribus
757 1421 882 1486 faciant.
899 1419 1026 1486 Clericis
1042 1421 1122 1484 enim
1146 1420 1264 1484 avaris

287 1515 449 1580 dicendum
472 1535 543 1580 cum
559 1515 590 1581 S.
607 1517 782 1583 Bernardo:
810 1519 992 1584 «Clamant
1010 1519 1094 1593 nudi,
1111 1519 1264 1582 clamant

291 1637 309 1670 «
331 1613 476 1696 famelici,
500 1618 724 1695 conquerentur
746 1618 779 1680 et
793 1617 917 1680 dicunt:
935 1618 1077 1682 nostrum
1092 1618 1148 1690 est,
1167 1614 1264 1696 quod

291 1734 309 1768 «
332 1711 507 1786 effunditis3
532 1712 620 1776 nobis
643 1702 815 1778 crudeliter·
836 1715 1046 1790 subtrabitur,¹
1075 1713 1156 1795 quod
1189 1713 1265 1776 ina-

293 1832 310 1864 «
335 1807 415 1872 niter
437 1808 632 1889 expenditur;
657 1812 772 1875 nostris
803 1812 1041 1876 necessitatibus
1066 1810 1266 1886 detrahitur,

292 1928 310 1961 «
334 1905 484 1985 quidquid
507 1905 626 1970 accedit
647 1909 841 1972 vanitatibus
858 1910 969 1974 vestris
986 1935 1002 1966 »
1023 1909 1126 1990 (epist.
1143 1909 1199 1984 42,
1213 1909 1265 1972 ad

289 2000 459 2066 Hernicum
475 1999 555 2078 Sem,
571 2003 739 2087 Archiep.).
763 2042 807 2052 -
824 2007 909 2070 Haec
924 2008 1040 2090 cogita,
1057 2007 1132 2070 haec
1154 2007 1266 2070 cormi-

289 2098 372 2174 ‹lera,
397 2099 507 2164 devote
532 2098 656 2176 Clerice,
674 2103 763 2166 cuins
779 2123 850 2184 pars
866 2106 914 2168 est
926 2105 1150 2185 pauperrimus
1166 2103 1266 2170 lesus

289 2197 321 2258 et
338 2197 544 2274 pauperrima
567 2196 678 2262 Maria.
702 2236 746 2244 —
781 2200 873 2264 Unnn
899 2201 996 2266 101).
1021 2201 1148 2266 Hieron.
1174 2201 1267 2265 illud

289 2291 467 2357 beneficiato
489 2299 722 2370 commemorat,
747 2298 830 2379 quod
858 2324 875 2358 ‹
891 2299 994 2364 aliena
1009 2319 1117 2381 rapere
1140 2298 1266 2364 intelli·

289 2390 384 2473 gitur,
409 2391 462 2471 qni
485 2391 568 2454 ultra
600 2393 659 2456 sibi
688 2397 860 2460 necessaria
891 2398 1024 2462 retinere
1055 2397 1209 2479 probatur
1225 2422 1265 2462 ».

290 2488 325 2548 2⁰
360 2487 398 2549 D.
431 2487 624 2578 Bernardus:
663 2517 677 2548 ‹
706 2490 863 2575 Quidquid
893 2497 1016 2576 praeter
1046 2495 1266 2560 necessarium

289 2583 416 2658 victum,
440 2585 472 2648 et
495 2585 665 2666 simplicem
689 2590 837 2654 vestitum
862 2592 987 2667 retines,
1003 2593 1096 2656 tuum
1113 2610 1173 2656 non
1198 2595 1265 2670 est,

288 2680 396 2762 rapina
419 2682 476 2756 est,
501 2682 703 2766 sacrilegium,
721 2688 769 2750 est
784 2711 802 2745 ›
829 2687 893 2770 (ap.
911 2687 1066 2754 Goncalez
1081 2689 1122 2753 ad
1138 2708 1208 2772 cap.
1226 2691 1264 2767 4,

288 2776 325 2839 dc
343 2776 470 2859 pecu).
484 2778 520 2840 3⁰
547 2803 565 2837 c
580 2779 694 2844 Parum
708 2784 848 2861 interest,
861 2787 969 2849 utrum
978 2786 1156 2854 ¹Praelatus
1171 2786 1269 2852 dam·

288 2875 378 2937 netur
401 2873 441 2937 ad
464 2874 588 2952 inferos,
608 2878 681 2958 quia
707 2882 848 2960 peccavit
874 2884 984 2948 contra
1011 2883 1184 2959 iust'tiam,
1203 2887 1267 2949 aut

289 2970 361 3051 qnia
392 2973 531 3054 peccavit
560 2976 677 3040 contra¹
698 2977 885 3042 charitatem
901 3005 918 3038 »
954 2978 1182 3067 (Bellarmin.).
1218 3017 1264 3030 -

287 3065 395 3145 Quoad
407 3087 454 3132 res
467 3069 682 3138 strictissimae
693 3076 909 3154 conscientiae,
923 3077 994 3141 vide
1004 3077 1112 3142 Theoi.
1123 3078 1265 3157 Moral,

288 3165 366 3228 seito
390 3166 511 3230 tamen:
545 3186 601 3232 vae
628 3169 685 3248 illi,
717 3172 771 3252 qui
801 3173 869 3238 sola
893 3176 1044 3240 mortalia
1076 3177 1182 3242 vitare
1215 3177 1266 3242 in·

288 3261 406 3324 tendit!

609 3395 758 3458 REQUIES
777 3401 927 3458 ANIMAE.

332 3525 464 3592 Mlmsn
487 3545 603 3593 comm.
621 3533 725 3622 <Ad
752 3537 875 3600 tantam
892 3537 1030 3604 Matrem
1046 3558 1169 3620 eamus,
1188 3543 1267 3624 quia

260 3641 264 3650 ·
289 3621 359 3702 Ipsa
383 3625 430 3686 est
461 3649 478 3682 ‹
495 3625 734 3710 eleemosynaria
766 3631 856 3710 bona,
889 3633 1055 3701 defendens
1084 3657 1266 3720 oppressos,

289 3734 414 3796 pascens
427 3719 593 3798 famelicos,
607 3725 638 3786 et
648 3727 781 3791 vestiens
794 3729 919 3794 nudos»
931 3731 1008 3813 (lac.
1022 3733 1060 3798 da
1073 3731 1266 3821 Vorogine).
