2758 4270
255 263 309 314 292
532 265 706 314 reseratus
729 268 769 314 DE
793 267 943 315 PERSONIS

302 464 376 526 868.
404 501 442 510 -
468 462 539 527 XII.
565 463 716 530 Cilicium.
740 501 784 510 -
807 463 942 528 Professi
977 465 1124 528 votorum
1153 464 1228 528 sim·

255 561 381 644 plicium
405 562 493 626 iuxta
507 561 571 626 litt.
589 561 699 644 lincyc.
715 563 756 625 19
772 561 867 626 Mart.
886 562 983 638 1857,
1001 581 1061 626 non
1078 564 1233 626 tenentur

254 659 293 724 ad
316 660 471 742 privatam
495 659 709 723 recitationem
733 658 835 723 Officii
851 659 963 734 divini3
988 660 1101 724 debent
1116 662 1227 723 tamen

253 757 345 822 choro
358 757 514 832 interesse,
531 759 568 821 ut
584 757 764 822 solemniter
786 757 916 840 professi
933 759 983 839 (ex
999 758 1120 822 Declar.
1139 756 1170 822 S.
1190 755 1228 821 C.

253 875 320 938 sup.
345 854 437 919 Statu
461 855 582 938 Reg.,6
607 854 690 939 Aug.
716 855 828 937 1858).
846 891 889 902 —-
908 855 989 920 «An
1011 855 1175 930 moniales,
1193 855 1228 918 in

253 971 372 1037 genere,
397 953 503 1016 stricte
539 952 717 1036 obligentur
740 951 797 1017 sub
820 947 921 1037 gravi,
950 953 981 1017 vi
1009 972 1084 1018 suae
1106 951 1226 1034 profes-

253 1285 415 1350 triennium,
436 1286 459 1339 si
478 1285 587 1340 scilicet
605 1284 683 1340 intra
703 1284 855 1340 triennium
876 1284 1017 1346 (votorum
1038 1285 1229 1355 simplicium)

254 1393 310 1430 non
330 1370 500 1430 sufficientia
518 1378 688 1444 argumenta
700 1374 734 1428 de
754 1390 805 1427 sua
823 1368 973 1428 vocatione
992 1373 1122 1428 dederit?
1136 1376 1229 1432 -Et

254 1464 355 1520 Emmi
368 1465 466 1519 Peiros
485 1464 704 1532 rescripserunt:
724 1463 861 1531 Nepotioe
875 1462 988 1532 (nempe
1001 1481 1059 1518 non
1072 1481 1155 1532 posse
1164 1465 1227 1519 dif-

254 1555 342 1619 ferri).
363 1551 459 1616 (Aeac.
475 1552 505 1608 0.
521 1554 562 1607 M.
579 1551 618 1618 C,
634 1553 669 1617 ΙΙ,
687 1551 757 1612 105).
772 1579 808 1589 -
830 1551 841 1576 ⁸
857 1552 1047 1608 Declararunt
1068 1558 1166 1608 tamen
1180 1572 1228 1610 re·

254 1643 418 1697 currendum
448 1642 484 1695 ad
504 1641 531 1696 S.
557 1639 585 1695 C.
605 1641 636 1694 in
662 1640 773 1696 casibus
802 1640 1030 1709 particularibus,
1060 1640 1090 1694 in
1117 1643 1225 1710 quibus

254 1732 350 1801 aliqua
368 1731 518 1801 peculiaris
538 1747 624 1785 eausa
643 1733 792 1784 concurret
809 1771 830 1795 ,.
849 1730 988 1786 Biesarri.
1008 1757 1038 1767 -
1063 1731 1142 1785 Nota
1154 1748 1225 1786 vero

253 1819 282 1886 a)
302 1821 377 1890 quod
396 1822 466 1876 haec
485 1838 542 1876 non
561 1820 719 1888 important
748 1819 896 1874 licentiam
920 1820 1093 1876 concedendi
1111 1821 1227 1889 profes-

254 1909 360 1964 sionem
374 1910 527 1964 solemnem
545 1909 699 1964 maioribus
713 1925 758 1962 an.
773 1908 807 1962 25
821 1907 970 1964 imminuto
983 1910 1120 1965 triennio:
1138 1909 1149 1934 ⁸
1167 1911 1226 1977 Qui

252 1997 327 2052 forte
339 1997 468 2052 habiturn
487 1996 643 2066 Religionis
662 1996 807 2050 induerint
826 1997 947 2052 maiores
961 1998 1018 2051 iam
1032 1999 1066 2052 25
1081 2015 1224 2054 annorum

252 2088 302 2140 ant
320 2085 385 2139 huic
404 2085 525 2154 proximi
545 2083 644 2148 aetati,
664 2087 828 2152 possuntne,
845 2085 957 2153 expleto
977 2085 1034 2140 iam
1054 2085 1225 2141 Novitiatus

252 2191 335 2238 anno,
356 2174 391 2228 ad
410 2177 479 2228 vota
499 2173 637 2228 solemnia
656 2175 685 2227 et
704 2172 908 2241 professionem
928 2173 1050 2238 admitti,
1072 2191 1109 2228 an
1132 2175 1222 2230 etiam

252 2281 315 2318 curn
334 2263 473 2318 similibus
493 2263 702 2332 expectandum
721 2266 765 2317 est
783 2261 926 2317 ulterioris
946 2263 1123 2332 probationis
1136 2265 1225 2319 trien·

252 2353 350 2409 nium?
371 2381 402 2390 -
423 2355 455 2408 a.
475 2353 617 2421 Negative
637 2353 673 2407 ad
695 2354 744 2406 l·m
763 2357 846 2422 part,
873 2349 1044 2408 affirmative
1066 2355 1103 2408 ad
1122 2356 1174 2408 2⁸¹¹
1198 2391 1226 2421 ‚-

253 2442 293 2509 (Β.
310 2443 338 2498 C.
361 2460 446 2513 super
468 2443 538 2500 Stat.
562 2439 907 2514 Repul.,201aa.1860).
927 2471 960 2480 -
981 2441 1007 2504 t)
1027 2443 1069 2497 Ex
1089 2444 1227 2514 legitima

252 2551 337 2588 causa
355 2534 433 2588 licite
452 2521 599 2603 prorogari
618 2536 738 2602 possunt
756 2533 922 2588 Novitiatus
942 2537 971 2588 et
990 2534 1130 2602 professio
1144 2533 1224 2600 (sim-

252 2623 342 2694 plex):
365 2621 376 2646 ⁸
399 2624 423 2677 1.
442 2625 487 2676 An
507 2623 619 2692 quando
648 2621 759 2678 Neritii
786 2621 896 2686 Clerici,
917 2626 967 2677 ant
985 2623 1052 2677 laici
1070 2624 1225 2680 bonafide

252 2716 436 2782 susceperunt
455 2709 583 2768 habitum
603 2715 670 2767 aute
689 2717 801 2781 tempus
811 2733 818 2777 ;
837 2711 880 2766 ita
892 2715 924 2767 nt
943 2712 1024 2768 finito
1044 2731 1119 2768 anno
1132 2715 1223 2770 etdie

251 2803 408 2858 novitiatus
427 2820 484 2856 non
504 2801 655 2872 attigerint
674 2804 799 2856 aetatem
819 2819 836 2856 a
855 2799 1065 2856 Constitutione
1083 2821 1134 2872 pro
1154 2821 1224 2872 pro-

252 2892 375 2948 fessione
400 2891 613 2960 praescriptam,
633 2891 724 2960 possit
742 2890 811 2958 ipsis
832 2891 939 2960 absque
958 2891 1171 2956 dispensatione
1190 2897 1224 2948 et

252 2982 376 3050 periculo
395 2981 536 3036 nullitatis
557 2979 662 3035 differri
681 2979 830 3048 professio,
844 2979 933 3034 donec
952 2980 1159 3048 praescriptam
1172 2997 1224 3036 ae·

252 3075 342 3126 tatem
361 3071 514 3139 attigerit?
534 3072 558 3124 2.
578 3070 680 3125 Utrum
700 3069 806 3138 absque
826 3069 1037 3137 dispensatione
1051 3073 1080 3124 et
1092 3070 1223 3138 periculo

252 3159 393 3216 nullitatis
421 3159 512 3228 possit
542 3159 697 3228 aliquando
725 3156 832 3212 differri
859 3158 999 3226 professio
1027 3161 1087 3213 tam
1117 3157 1223 3214 Clerici

253 3267 338 3319 quam
357 3249 447 3314 laicis,
461 3249 510 3318 qui
522 3249 603 3303 finito
623 3265 698 3302 anno
710 3251 739 3302 et
751 3245 797 3302 die
810 3246 975 3302 Novitiatus
995 3248 1155 3318 attigerunt
1174 3265 1221 3304 ae·

253 3343 343 3395 tatem
362 3357 412 3409 pro
432 3339 607 3408 professione
632 3336 800 3406 requisitam
827 3336 850 3390 si
875 3338 912 3392 ad
935 3337 1057 3406 prudens
1083 3338 1221 3393 indicium

252 3426 281 3480 P.
301 3425 408 3482 Vicarii
434 3427 580 3482 Generalis
600 3429 650 3481 aut
668 3425 720 3480 Pl'.
742 3425 979 3482 Conventualium
1002 3426 1128 3496 Capituli
1148 3426 1223 3483 Con·

254 3517 394 3572 centralis
421 3516 518 3572 adsint
536 3533 637 3571 causae
656 3531 758 3586 gravas
777 3515 927 3572 differendi
944 3515 1170 3585 professionem?
1182 3543 1222 3554 -

253 3603 506 3675 assuetumque
526 3602 704 3670 affirmative,
718 3605 890 3674 etamplius,
905 3609 958 3661 etc.
976 3646 986 3671 ,
1003 3605 1043 3670 (S.
1060 3604 1089 3660 C.
1112 3605 1179 3659 ΕΕ-
1193 3615 1224 3664 et

253 3693 325 3759 RB,
342 3699 377 3749 12
389 3695 455 3750 Ian·
470 3693 560 3760 1731).
