2758 4270
317 251 370 306 298
601 255 775 304 TEAGTATUS
799 257 838 302 DE
862 255 1008 302 PERSONIS

317 451 486 534 Superioris
510 447 767 519 dimissorialibus
790 455 905 518 litteris
921 451 940 516 ¹.
958 455 994 518 In
1010 453 1218 534 caeterisquae
1231 451 1263 516 ad

317 547 511 630 disciplinam
528 550 738 626 domesticam,
756 552 982 615 observantiam
996 551 1170 634 regularum
1182 553 1209 612 et
1222 567 1263 612 no·
1357 527 1358 562 ³

316 648 432 712 terium
457 647 584 711 modum
609 648 741 724 vivendi,
766 649 877 719 officia,
895 649 1105 730 promotiones
1119 647 1264 729 pertinent,

316 746 424 826 nequit
446 733 613 828 Episcopus
637 766 669 809 se
693 747 864 811 immiscere
889 745 1095 830 (Huguenin).

362 843 437 906 876.
460 879 505 890 --
528 843 569 906 il.
597 868 615 902 «
631 843 732 910 Hodie
755 863 814 908 non
830 844 965 926 amplius
981 844 1076 907 estin
1097 841 1215 906 dubium
1228 860 1268 902 re·
1358 875 1359 904 r

317 940 499 1016 vocandum,
524 941 596 1022 quin
622 943 742 1023 possint
769 941 979 1023 (Rncunnnns
1005 958 1151 1005 oanrnsm
1179 955 1271 1004 aaran

317 1039 474 1121 runcone)
498 1041 563 1102 tam
587 1059 622 1103 ex
646 1040 755 1104 multis
780 1040 950 1123 privilegiis
972 1040 1122 1104 concessis
1144 1037 1270 1101 eliisRe

315 1133 494 1218 ligionibus,
520 1155 612 1217 quam
637 1155 673 1200 ex
696 1137 904 1200 declaratione
928 1155 1025 1218 nuper
1047 1137 1130 1200 facta
1152 1153 1199 1216 per
1220 1132 1274 1195 Be-

317 1231 385 1295 ned.
410 1233 487 1296 XIH
511 1234 541 1296 in
566 1232 600 1297 C.
624 1234 766 1299 Romano
784 1259 801 1292 »
821 1233 866 1316 (S.
882 1234 977 1317 Lig.).

362 1448 371 1482 ¹
395 1447 404 1470 ⁴
428 1449 457 1502 Si
477 1449 598 1516 professi
618 1453 747 1504 votorum
768 1447 938 1516 simplicium
958 1448 1018 1501 sive
1033 1464 1083 1514 per
1093 1445 1272 1499 dimissionem

318 1537 353 1592 ab
373 1537 485 1602 Ordine,
506 1539 565 1592 sive
585 1555 635 1606 per
655 1538 848 1606 Apostolicam
868 1535 1112 1604 dispensationem
1127 1536 1162 1589 ab
1174 1533 1275 1589 emissis

316 1628 391 1682 votis
411 1628 497 1682 soluti
516 1627 631 1693 fuerint,
651 1625 831 1697 (Episcopus)
851 1645 881 1682 se
910 1631 992 1696 gerat
1019 1644 1083 1680 cum
1111 1626 1176 1690 illis,
1199 1626 1275 1692 prout
1360 1703 1361 1706 Ἴ

317 1733 380 1770 cum
399 1718 518 1771 caeteris
537 1717 595 1772 suis
609 1718 784 1773 dioecesanis
798 1735 861 1772 sese
873 1733 972 1788 gerere
985 1717 1069 1772 debet
1085 1713 1150 1783 ,(S.
1163 1715 1191 1770 0.
1200 1729 1278 1782 seper

317 1807 400 1864 Statu
419 1809 527 1878 Rapui,
546 1814 566 1864 2
582 1810 648 1864 Iao.
671 1811 763 1875 1860).
783 1835 817 1848 -
836 1811 849 1862 Ι
871 1811 916 1863 An
930 1814 958 1865 et
972 1809 1112 1878 quomodo
1130 1807 1275 1876 Episcopus

317 1895 482 1951 Tarvisinus
508 1897 659 1954 admittere
687 1899 776 1964 possit
801 1899 930 1954 alumnos
956 1897 1085 1952 Instituti
1106 1897 1277 1965 Presbytero·

318 2005 378 2040 rum
398 2005 416 2041 a
434 1989 570 2042 charitate
588 1983 742 2056 (simplicia
761 1991 829 2044 vota
847 1987 1026 2050 habentium)
1052 2003 1087 2040 ex
1117 1987 1171 2042 fide
1199 1985 1278 2052 Supe-
1361 2047 1362 2060 χ

316 2075 397 2130 ricris
417 2077 515 2132 domus
540 2077 712 2132 declarantis
741 2078 853 2133 eosdem
882 2079 1010 2132 alumnos
1039 2075 1198 2143 adscriptos
1224 2089 1277 2128 esse

316 2164 406 2220 eidem
426 2165 528 2230 domui,
549 2167 593 2220 vel
613 2167 707 2235 potius
721 2167 897 2244 necessariae
911 2167 969 2220 sint
981 2165 1095 2220 litterae
1110 2163 1278 2218 dimissoriae

317 2258 346 2308 et
364 2253 569 2309 testimoniales
589 2255 721 2323 Episcopi
741 2256 868 2325 originis,
888 2273 936 2310 seu
957 2254 1103 2319 domicilii,
1125 2253 1206 2307 iuxta
1228 2251 1278 2306 lor·

316 2361 392 2396 mam
413 2342 440 2396 Ο.
461 2344 555 2398 innoc.
576 2345 637 2405 ΧΠ,
658 2362 731 2413 quae
750 2345 804 2398 inc.
827 2343 1047 2412 Speculatores?
1063 2344 1088 2396 2.
1109 2343 1153 2395 An
1174 2347 1203 2396 et
1220 2358 1278 2410 quo·
1362 2383 1363 2426 3

316 2433 399 2488 modo
418 2433 491 2487 idern
511 2433 566 2486 diei
586 2434 696 2498 debeat,
717 2435 810 2504 quoad
837 2435 966 2488 alumnos
991 2434 1048 2486 iam
1077 2437 1221 2501 promotos
1248 2429 1278 2484 ad

316 2525 462 2576 tonsuram
484 2523 527 2576 vel
548 2523 583 2576 ad
603 2523 726 2592 aliquem
746 2523 897 2578 ordinem?
910 2525 935 2578 3.
949 2524 994 2576 An
1008 2526 1036 2576 et
1050 2522 1200 2590 quomodo,
1211 2517 1279 2574 haud

317 2612 448 2666 obstante
468 2613 653 2680 promissione
673 2613 853 2667 obedientiae
872 2613 1011 2681 Episcopo
1034 2611 1114 2664 facta
1132 2611 1161 2664 in
1190 2629 1211 2664 s.
1238 2609 1279 2663 Or·

317 2701 471 2765 dinatione,
491 2702 577 2756 liceat
606 2702 801 2770 Superioribus
830 2703 959 2756 Instituti
987 2701 1146 2757 transferre
1175 2699 1280 2756 eosdem

317 2791 445 2846 alumnos
464 2791 493 2844 in
514 2791 599 2846 aliam
620 2792 803 2860 provinciam.
824 2793 893 2860 quin
912 2791 996 2845 venia
1016 2809 1033 2845 a
1051 2790 1129 2845 dicto
1148 2790 1279 2859 Episcopo
1362 2807 1363 2812 ¹

317 2880 452 2948 petetur?
471 2882 495 2934 4.
511 2881 554 2933 An
565 2881 594 2934 in
609 2897 676 2935 casu
687 2899 815 2951 egressus
828 2882 863 2935 ab
877 2881 1011 2936 Instituto
1023 2897 1073 2949 per
1083 2879 1279 2934 dimissionem.

316 2973 366 3024 aut
385 2969 636 3038 dispensationem,
655 2971 741 3026 iidem
760 2971 868 3025 alumni
888 2970 1075 3024 subiicientur
1097 2965 1280 3024 iurisdictioni

315 3059 449 3128 Episcopi
467 3059 612 3114 dioecesis.
632 3060 662 3113 in
682 3077 739 3128 qua
752 3060 808 3114 sita
821 3064 864 3114 est
878 3059 975 3114 domus
990 3059 1034 3112 cui
1049 3059 1188 3127 adscripti
1213 3059 1280 3116 sunt,

318 3149 362 3203 vel
382 3149 475 3216 potius
495 3148 536 3201 illi
557 3149 704 3217 Episcopo,
725 3149 770 3202 cui
790 3149 910 3203 subiecti
929 3151 1012 3202 erant
1025 3148 1193 3216 priusquam
1207 3144 1279 3200 lusti·

317 3241 378 3292 tuto
399 3237 648 3292 adscriberentur?
667 3265 703 3274 -
720 3238 754 3292 R.
775 3238 817 3291 Ad
839 3239 893 3291 lum
913 3237 1064 3307 Negative,
1078 3237 1114 3290 ad
1136 3238 1191 3290 111ιη
1206 3237 1279 3304 parta

316 3325 486 3385 affirmative
505 3330 541 3382 ad
560 3331 624 3384 2⁸³¹.
644 3330 688 3383 Ad
707 3331 762 3383 21¹¹l
783 3325 960 3384 Affirmative
974 3329 1003 3382 in
1017 3328 1155 3382 omnibus.
1175 3328 1219 3380 Ad
1231 3327 1279 3380 3⁸¹⁰

317 3417 493 3486 Superiorem
510 3418 717 3472 Provincialem
737 3435 818 3486 posse
838 3419 926 3472 libere
939 3417 982 3471 uti
996 3416 1137 3492 facultate
1163 3413 1280 3470 transle-

315 3507 396 3560 rendi
415 3507 543 3561 alumnos
564 3508 727 3576 provinciae
747 3507 828 3562 iuxta
843 3505 1066 3561 Constitutiones
1080 3522 1096 3559 a
1112 3505 1141 3560 S.
1156 3505 1226 3560 Sede
1235 3519 1280 3569 ap·

316 3595 458 3664 probatas.
471 3595 515 3649 Ad
527 3598 584 3649 4um
595 3596 738 3664 Negative
752 3596 788 3650 ad
801 3598 853 3649 1am
868 3599 955 3664 part.;
967 3590 1139 3648 affirmative
1159 3594 1196 3648 ad
1205 3595 1276 3653 2¹¹⁰.

316 3682 356 3746 (S.
379 3683 408 3738 0.
429 3683 494 3737 EE.
514 3692 539 3740 et
558 3684 630 3748 RE,
650 3689 668 3738 6
686 3685 764 3740 Mate
783 3687 862 3744 1864,
882 3684 1031 3748 Biscarril.
