2818 4276
319 227 369 282 loo
529 230 635 281 11111.
659 233 795 280 11111111
819 232 908 280 enen.
932 233 966 279 11
989 233 1060 292 opu.

360 429 435 492 309.
444 431 526 505 -c)
540 428 693 494 «Gratiae
702 449 721 494 a
730 431 870 496 Romano
882 429 1032 495 Pontifice
1046 449 1207 494 concessae
1224 431 1288 495 exi-

316 525 437 590 stimari
461 525 572 591 debent
595 529 757 609 tamquam
780 528 897 602 irritae,
921 529 980 592 nisi
1010 547 1064 611 per
1086 526 1285 592 Gubernium

315 622 429 688 tuerint
452 624 683 706 imploratae».

359 721 435 784 310.
454 759 486 768 -
504 722 540 804 d)
558 746 575 780 «
588 719 680 786 Civili
692 723 851 806 potestati,
866 724 913 788 vel
926 723 965 787 ab
977 722 1094 787 infideli
1108 723 1288 804 imperante

314 820 473 894 exercitae,
486 821 636 902 competit
650 823 790 903 potestas
801 821 951 886 indirecta
964 821 1109 904 negativa
1126 821 1158 885 in
1174 840 1286 896 sacra;

313 918 412 982 eidem
436 918 562 1000 proinde
585 921 734 1002 competit
758 921 870 984 nedum
893 921 942 984 ius
965 921 1047 1002 quod
1064 919 1285 984 1661111116-

314 1019 438 1096 quatur,
451 1017 504 1081 sed
520 1018 615 1082 etiam
631 1019 679 1082 ius
694 1017 922 1098 appellationis
937 1037 1030 1100 quam
1043 1021 1226 1100 nuncupant
1242 1017 1286 1080 ab

312 1113 413 1177 abusu
428 1138 460 1176 11.

358 1212 432 1275 311.
449 1249 493 1258 -
509 1215 539 1294 e)
561 1238 577 1272 «
593 1214 630 1277 In
645 1213 787 1278 conflictu
804 1215 909 1298 legum
924 1214 1086 1296 utriusque
1099 1214 1284 1297 potestatis,

313 1310 361 1373 ius
384 1310 473 1374 civile
497 1311 701 1392 praevalet».

351 1408 432 1470 *ala
456 1445 500 1453 -
523 1405 552 1490 f)
580 1408 703 1472 ‹Laica
726 1410 863 1490 potestas
887 1409 980 1473 habet
1004 1409 1170 1491 perseius
1195 1427 1285 1491 prae-

313 1505 453 1570 sentandi
476 1505 644 1587 episcopos,
662 1507 693 1569 61
709 1507 813 1588 potest
829 1507 867 1570 ah
883 1507 947 1570 illis
972 1505 1091 1590 exigere
1115 1508 1152 1570 ut
1172 1507 1286 1570 ineant

312 1601 497 1666 dioecesium
521 1604 765 1684 procurationem
789 1605 956 1684 antequam
980 1603 1039 1685 ipsi
1061 1604 1245 1668 canonicam
1265 1622 1285 1667 a

313 1699 342 1764 S.
359 1699 434 1764 Sede
450 1701 680 1765 institutionem
693 1703 725 1766 et
736 1701 933 1784 Apostolicas
946 1702 1067 1766 litteras
1078 1702 1237 1784 accipiant
1249 1727 1285 1764 ».

357 1798 432 1860 313.
452 1835 491 1842 -
504 1800 540 1881 p)
558 1821 574 1856 «
591 1798 657 1862 lmo
674 1798 788 1862 laicum
806 1797 996 1863 Gubernium
1013 1799 1107 1862 habet
1123 1799 1171 1862 ius
1189 1799 1285 1882 depo-

312 1894 402 1958 nendi
418 1894 457 1958 ah
473 1895 615 1959 exercitio
631 1896 795 1977 pastoralis
812 1897 976 1960 ministerii
992 1895 1165 1978 Episcopos‚
1179 1915 1285 1978 neque

312 1993 434 2056 tenetur
450 1992 571 2056 obedire
587 1993 728 2057 Romano
744 1993 888 2058 Pontifici
903 1994 935 2058 in
960 1995 998 2058 iis
1021 2012 1100 2075 quae
1123 1993 1282 2076 episcopa·

311 2092 402 2154 tuum
430 2091 461 2154 et
483 2091 695 2173 episcoporum
718 2092 885 2174 respiciunt
909 2091 1138 2155 institutionem
1154 2115 1185 2152 ».

355 2187 543 2270 314-1)
563 2187 704 2252 «Civilis
728 2189 897 2252 auctoritas
921 2190 1026 2271 potest
1049 2207 1081 2252 se
1104 2189 1283 2252 immiscere

310 2286 411 2354 rebus,
428 2303 506 2366 quae
522 2285 562 2348 ad
576 2285 767 2368 religionem,
785 2304 885 2350 mores
901 2288 933 2350 et
948 2285 1084 2369 regimen
1114 2285 1284 2368 spirituale

310 2383 473 2464 pertinent.
489 2383 569 2446 Hinc
585 2385 688 2463 potest
703 2383 740 2446 de
756 2383 1012 2448 instructionibus
1035 2383 1181 2458 iudicare,
1200 2402 1282 2464 quas

311 2478 464 2544 Ecclesiae
487 2481 626 2561 pastores
650 2480 690 2544 ad
712 2481 947 2552 coscientiarum
971 2500 1113 2546 normam
1136 2499 1191 2563 pro
1221 2499 1281 2546 suo

249 2564 263 2580 ⁰
311 2596 435 2641 munere
452 2576 594 2640 edunt».

356 2676 431 2738 315.
448 2712 492 2720 -
507 2675 534 2758 a)
556 2700 573 2736 c
590 2674 697 2740 Civilis
714 2677 885 2742 auctoritas
911 2678 1016 2759 potest
1032 2677 1179 2760 impedire
1203 2696 1280 2759 quo-

311 2773 413 2837 minus
437 2791 595 2836 sacrorum
617 2773 784 2838 Antistites
807 2775 839 2838 et
861 2773 965 2838 fideles
989 2775 1188 2858 populicum
1216 2775 1280 2838 Ro-

310 2889 402 2936 mano
433 2869 582 2934 Pontifice
609 2871 703 2935 libere
726 2891 762 2936 ac
785 2874 895 2938 mutuo
926 2873 1152 2938 communicent
1175 2896 1214 2936 »a
1238 2911 1273 2918 -

309 2967 499 3032 Huiusmodi
515 2987 632 3033 errores
659 2969 821 3053 proscripti
836 2971 988 3034 habentur
1003 2971 1036 3034 11
1051 2970 1171 3054 syllaho
1187 2989 1277 3053 prop.

311 3070 363 3144 20,
389 3067 441 3144 28,
466 3067 519 3144 29,
543 3067 596 3144 41,
622 3056 753 3146 4330,
780 3068 833 3145 51,
858 3069 911 3142 44,
937 3068 990 3132 49.

355 3165 431 3229 316.
462 3200 506 3211 -
536 3163 595 3230 atii
626 3181 760 3232 errores
794 3165 833 3232 de
868 3164 987 3232 inritus
1019 3164 1202 3235 Ecclesiae:
1232 3202 1276 3213 —

309 3265 346 3346 a)
367 3263 535 3328 «Ecclesia
552 3281 610 3326 non
627 3263 728 3328 solum
744 3283 805 3328 non
822 3263 911 3328 debet
926 3265 957 3328 in
973 3264 1201 3346 philosophiam
1221 3284 1275 3328 un-

311 3381 405 3443 quam
428 3363 683 3435 animadvertere,
700 3381 808 3426 verum
825 3362 918 3426 etiam
944 3362 1034 3426 dehet
1056 3363 1152 3445 ipsius
1175 3362 1275 3444 philo·

310 3460 436 3542 sophiae
460 3461 592 3525 tolerare
616 3479 743 3537 errores,
768 3459 855 3542 eique
879 3459 1061 3541 relinquere,
1085 3461 1121 3524 ut
1144 3459 1211 3542 ipsa
1243 3478 1275 3524 se

311 3557 446 3640 corrigat
462 3581 494 3620 ».

354 3655 430 3718 317.
455 3689 497 3704 -
522 3655 555 3736 h)
576 3678 594 3714 c
609 3653 679 3718 Non
701 3655 834 3736 pertinet
857 3653 945 3718 unice
968 3654 1008 3719 ad
1032 3654 1269 3721 ecclesiasticam
