2818 4276
386 246 451 294 CAP.
476 247 496 292 1.
521 247 560 292 DE
584 246 712 293 Rouauo
736 246 894 293 Pou'urrlcn
1079 243 1128 296 143

155 444 300 524 exemplo
316 441 347 506 S.
365 443 539 518 Coelestini,
557 443 630 524 quin
647 443 817 506 necessaria
834 443 876 506 sit
891 461 926 506 er
949 445 1037 524 parte
1053 440 1129 506 Car·

155 542 312 606 dinalium
327 542 375 604 vel
391 541 544 605 Ecclesiae
560 541 732 623 acceptatio
749 541 997 614 renuntiationis,
1011 559 1046 603 er
1062 559 1128 622 cap.

160 639 320 718 Quoniam
343 639 380 702 eie
401 641 527 701 renunt.
552 637 603 719 (V.
627 637 827 719 Vecchiotti).

202 737 280 799 434.
306 773 349 782 -
373 735 427 798 lV.
451 735 532 800 Ante
568 736 726 799 saeculum
759 737 974 809 certamnen
1011 753 1130 816 semper

119 864 124 869 ·
155 833 324 898 accedebat
355 832 514 897 Pontificis
537 851 697 914 expressus
720 851 885 896 consensus
916 832 947 894 in
978 831 1129 896 erectione

154 950 310 996 novorum
325 931 569 1039 episcopatuum.
594 930 738 994 Liberum
756 933 823 994 erat
810 929 983 994 tconciliis
1007 949 1042 994 ac
1066 949 1130 992 me·

153 1027 298 1110 tropolit'
292 1047 318 1090 rs
341 1045 435 1092 novos
459 1028 654 1108 episcopatus
678 1027 804 1110 erigere,
829 1025 994 1090 dummodo
1026 1045 1129 1090 serva·

155 1127 267 1188 rentur
298 1124 381 1206 leges
405 1143 482 1205 quas
516 1125 741 1188 Ecclesiastat
692 1125 843 1188 tabuere
868 1124 976 1187 -In
1005 1121 1129 1187 Oriente

154 1224 227 1286 tota
244 1241 318 1286 cura
342 1219 478 1304 erigendi
502 1221 636 1285 dioceses
659 1221 704 1284 Pa
707 1221 851 1285 triarchis
866 1222 898 1284 et
921 1220 988 1284 Met
975 1219 1129 1302 tropolitis

153 1319 314 1384 concredit
316 1338 333 1382 0
348 1319 419 1382 fuit.
443 1317 566 1383 Gradus
584 1338 655 1383 vero
681 1319 935 1383 Patriarcharum
958 1321 989 1382 01
1014 1317 1130 1382 lletrc·

154 1417 329 1499 politanum
363 1435 381 1480 a
416 1415 546 1481 Summo
572 1417 761 1481 Pontificatu
785 1417 995 1480 dimanabant.
1023 1453 1062 1461 -
1089 1416 1128 1478 In

158 1512 323 1578 Occidente
347 1532 406 1578 non
431 1514 533 1578 solum
564 1533 583 1577 0
617 1513 823 1596 Metropolitis
847 1515 878 1576 01
901 1513 1039 1577 conciliis
1063 1531 1130 1594 pro·

155 1611 343 1674 vincialibus
374 1611 643 1674 constituebantur
678 1611 764 1675 sedes
799 1610 997 1693 episcopales,
1023 1629 1127 1674 verurrr

152 1708 254 1772 etiam
270 1709 439 1790 plurimum
463 1727 481 1771 a
505 1707 708 1772 Pontificibus
724 1709 883 1783 Romanis,
898 1709 950 1790 qui
967 1708 1130 1790 llpiscopcs

153 1827 174 1871 a
201 1827 233 1871 se
256 1807 411 1871 ordinatos
435 1807 474 1870 ad
498 1807 646 1872 barbaras
668 1807 776 1892 gentes
800 1807 1004 1881 destinarunt,
1022 1809 1054 1869 et
1077 1806 1131 1869 110-

152 1905 267 1968 0103103
291 1924 309 1968 0
333 1905 408 1968 viris
430 1904 619 1986 Apostolieis
643 1907 761 1969 erectas
788 1905 1009 1988 approbarunt.
1034 1904 1070 1967 In
1094 1923 1129 1968 ec

154 2021 251 2065 sensu
274 2001 444 2084 explicatur
475 2002 646 2066 innocentii
669 2002 695 2079 Ι,
720 2001 850 2084 epistola
875 2005 934 2066 25:
964 2001 1071 2066 «Cum
1089 2001 1130 2066 sit

154 2097 359 2162 manifestum
393 2099 425 2162 in
460 2117 583 2162 emnem
619 2099 757 2174 Italiam,
786 2097 918 2177 Gallias,
951 2099 1129 2182 Hispanias,

154 2195 306 2271 Africam,
320 2198 414 2278 atque
428 2197 566 2260 Siciliam
580 2197 757 2278 insulasque
770 2197 994 2271 interiacentes,
1007 2196 1129 2260 nullum

154 2293 332 2358 instituisse
347 2293 508 2370 Ecclesiae,
521 2294 580 2360 nisi
596 2313 648 2358 eos
664 2313 742 2376 quos
759 2295 942 2360 venerabilis
957 2294 1127 2377 Apostolus

154 2392 270 2455 Petrus
286 2393 342 2456 aut
357 2393 423 2456 eius
442 2411 631 2457 successores
647 2393 875 2458 constituerunt
898 2393 1123 2458 sacerdotes...»

155 2489 282 2562 Postea,
307 2490 344 2552 ut
367 2489 484 2554 dictum
508 2491 556 2554 est
587 2510 616 2554 n.
640 2491 716 2568 408,
741 2491 816 2555 haec
846 2493 994 2574 potestas,
1023 2490 1126 2554 «illuc

156 2606 281 2650 reversa
304 2587 384 2651 unde
408 2586 601 2663 discesserat,
618 2589 706 2652 unice
729 2589 843 2653 residet
866 2589 948 2672 apud
971 2589 1127 2670 Apostoli-

156 2704 229 2749 cam
256 2684 410 2749 Sedem».
436 2685 523 2766 (Pius
548 2685 679 2750 vlcfr.
703 2686 883 2771 Huguenin,
908 2687 1024 2772 Soglia,
1041 2686 1124 2770 etc).

204 2782 279 2844 435.
305 2819 351 2828 —-
375 2782 412 2845 V.
438 2781 584 2846 Summus
615 2783 759 2848 Pontifex
782 2784 813 2847 irr
845 2785 1040 2868 gravioribus
1075 2783 1127 2847 de-

156 2879 313 2954 finIendis,
338 2881 375 2943 ut
398 2880 579 2945 cautissime
603 2881 760 2964 procedat,
787 2882 998 2948 cardinalium
1030 2881 1127 2945 consi-

157 2978 239 3042 lium
263 2978 343 3042 solet
367 2979 511 3043 adhibere
535 2979 592 3043 sub
616 2980 674 3044 hac
706 2980 858 3044 formula:
891 2979 942 3044 De
971 2979 1126 3043 Fratrum

158 3079 339 3140 nostrornm
355 3076 505 3140 consilio:
523 3078 571 3140 vel
586 3078 711 3142 Habitu
726 3099 795 3142 cnnr
810 3077 983 3140 Fratribus
997 3081 1115 3140 00031003
1095 3078 1101 3090 ’

158 3175 191 3236 01
213 3177 321 3237 sancio
292 3172 474 3237 iconciiio
508 3173 741 3249 deliberatione,
774 3175 824 3239 vel
854 3175 917 3238 0110
948 3175 1052 3238 simili.
1083 3127 1127 3240 At

157 3271 216 3334 hoo
239 3289 275 3334 ex
299 3269 416 3335 decent
394 3272 450 3346 tra,
478 3289 540 3335 ncn
564 3291 600 3336 ex
623 3273 807 3337 necessitate
838 3271 938 3349 litu
917 3272 1127 3354 inaequitas

158 3367 275 3432 definit
269 3367 359 3444 ionis,
393 3367 621 3450 quodammodo
656 3370 895 3445 demonstretur,
927 3372 958 3434 et
989 3387 1057 3446 non,
1089 3372 1126 3433 ut

159 3466 297 3530 auctorit
297 3483 332 3529 03
356 3465 521 3530 definiendi
544 3467 684 3548 requirat
685 3487 732 3530 ur.
759 3465 917 3550 (Parrasi).

205 3563 280 3625 436.
319 3599 358 3608 —
397 3561 595 3628 obedientiae
619 3566 651 3627 et
674 3563 848 3629 devotionis
882 3564 1010 3629 Summo
1049 3565 1127 3630 Pon-

159 3657 237 3722 tifici
261 3659 384 3723 debitae
407 3659 564 3741 exemplar
587 3660 663 3724 facti
685 3661 759 3724 sunt
774 3661 884 3726 Patres
901 3661 1029 3726 Consilii
1056 3661 1126 3739 Ple-
