2750 4270
319 258 367 311 188
448 259 621 308 nancradus
645 263 684 309 DE
708 263 898 310 HIERARCHIA
920 265 1156 312 IUEISDIC'PIONIS

314 460 482 541 reputavit,
506 461 543 523 ut
567 461 605 525 ab
629 461 696 544 ipso
722 481 844 526 omnem
867 483 959 527 suum
983 465 1101 527 avertit
1124 465 1270 528 affectum.

315 555 422 620 Innira
447 576 537 639 super
560 558 707 622 dilectum
732 579 834 634 suum,
859 581 931 624 nam
955 579 1015 625 non
1050 563 1116 625 suis
1149 562 1269 636 meritis,

314 655 368 836 {gd
394 655 492 816 ipsiug
522 657 714 721 innitebatur
748 659 880 742 gratiae,
910 660 964 740 qui
997 661 1137 742 gratiam
1171 659 1271 723 tribuit

360 754 472 834 ‚Lepi
494 755 535 836 e).

359 852 491 916 Mlaran
515 871 635 918 nasoon.
660 853 727 918 Ans
753 854 826 936 Spes
851 855 1080 938 desperantium
1105 857 1198 936 atque
1216 873 1270 918 reo

314 969 402 1014 rum:
426 970 494 1032 spes
517 951 607 1015 firma
632 954 663 1015 et
688 954 806 1035 optima
825 955 946 1018 animae
963 955 1104 1018 nostrae:
1130 973 1196 1036 spes
1212 973 1269 1018 om-

315 1048 399 1111 nium
413 1048 590 1129 proborum,
604 1051 694 1113 rebus
707 1051 845 1114 adversis
857 1050 1045 1116 afflictorum
1055 1051 1099 1134 (S.
1110 1052 1267 1134 Ephrem).

315 1144 382 1210 Are
406 1163 474 1227 spes
498 1147 691 1224 miserorum,
716 1148 764 1210 cui
781 1167 940 1229 nunquam
957 1149 1021 1212 sinc
1037 1168 1090 1229 spe
1107 1149 1267 1212 misericor-

314 1242 383 1306 diae
406 1245 599 1326 supplicetur
623 1245 764 1328 (idiota).

211 1335 214 1340 ’
336 1339 491 1406 Monunio
514 1359 682 1406 unnrrrlcr.
708 1343 862 1407 Ecclesiae
884 1343 1042 1426 Principes
1072 1344 1110 1406 R.
1137 1341 1265 1407 Pontifici

315 1437 516 1502 adhaerentes
540 1459 611 1504 vera
634 1440 693 1503 fide
718 1441 900 1506 venerando.
926 1442 1061 1506 Dicendo
1086 1461 1155 1504 cnm
1182 1439 1210 1504 S.
1234 1439 1263 1500 Ρ.

314 1534 492 1600 Francisco:
529 1561 546 1594 «
576 1536 654 1600 Nolo
678 1538 708 1600 in
737 1539 780 1601 eis
812 1537 1055 1624 (Sacerdotibus)
1089 1538 1261 1602 considerare

314 1635 484 1714 peccatum,
521 1635 593 1716 quia
627 1635 743 1698 Filium
780 1637 836 1699 Dei
871 1637 1010 1700 discerno
1041 1639 1072 1700 in
1097 1637 1149 1710 eie,
1171 1639 1200 1698 ct
1220 1634 1261 1698 do·

313 1730 390 1793 mini
412 1732 472 1794 mei
496 1733 600 1795 sunt...
617 1757 635 1791 >›
661 1769 706 1780 -
729 1732 812 1796 Filii
835 1733 965 1796 Martae
988 1735 1159 1798 imitatores
1177 1734 1259 1796 eius...

360 2153 448 2220 OAP.
473 2157 527 2222 IV.
545 2197 582 2205 —
608 2159 662 2224 DE
686 2160 914 2225 PRAELATIS
937 2161 1224 2226 INEERIORIBUS
1298 2184 1300 2189 ·

692 2267 743 2330 ET
761 2267 892 2332 PRIMO

335 2575 412 2642 Ans.
426 2575 451 2638 Ι.
476 2573 526 2640 Ile
541 2573 704 2656 vicarlis,
728 2573 921 2641 Praefectis
943 2577 979 2640 et
1000 2573 1244 2642 commissoriis

681 2681 903 2764 Apostoliois.

358 2893 433 2957 545.
457 2929 501 2938 -
525 2893 787 2958 praenotandum.
812 2929 856 2938 -
872 2894 897 2956 Ι.
914 2893 1022 2956 Omnis
1038 2893 1203 2976 Episcopus
1223 2891 1262 2955 est

312 2993 489 3065 Praelatus3
506 2991 559 3054 sed
583 3009 643 3054 non
659 2991 765 3054 'omnis
788 2989 952 3054 Praelatus
975 2993 1022 3054 est
1037 2991 1212 3072 Episcopus.
1228 3023 1262 3034 -

212 3121 215 3128 ‚
312 3089 486 3154 Praelatus
509 3090 556 3152 est
578 3089 706 3152 clericus
730 3107 870 3152 exercens
892 3088 1137 3153 iurisdictionem
1161 3089 1263 3170 episco-

312 3189 414 3272 palem
430 3187 479 3250 vel
495 3186 584 3267 quasi
601 3186 804 3268 episcopalem
827 3187 858 3248 in
875 3185 941 3250 foro
964 3188 1097 3252 externo.
1121 3187 1189 3252 Non
1203 3203 1263 3250 con·

311 3284 484 3349 fundendus
508 3303 579 3347 cum
603 3283 751 3365 praelatis
775 3284 814 3346 ad
837 3283 994 3347 honorem.

357 3383 432 3444 546.
457 3417 501 3428 -
525 3380 565 3442 ll.
592 3381 736 3445 licerius
763 3382 964 3462 Apostolicus
989 3384 1037 3446 est
1067 3383 1225 3447 Praelatus
1250 3396 1265 3440 a

311 3479 388 3544 Sede
410 3477 591 3560 Apostolica
615 3477 793 3559 deputatus,
818 3479 855 3541 ut
879 3478 1012 3544 alicuius
1036 3481 1170 3564 regionis
1198 3477 1264 3560 (sive

311 3575 494 3651 infidelium,
519 3575 583 3640 sive
609 3574 760 3662 fidelium)
785 3575 933 3658 regimen,
950 3577 1074 3640 nomine
1090 3577 1199 3658 Papae,
1221 3591 1264 3636 su-

312 3675 433 3756 scipiat.
458 3674 515 3736 Est
545 3673 594 3736 vel
625 3672 708 3754 apud
739 3673 910 3750 missiones,
940 3673 989 3737 vel
1012 3675 1096 3756 apud
1127 3673 1262 3738 dioeceses
