2750 4270
293 225 342 278 170
424 225 598 272 Tulcun'nus
621 226 660 270 DE
685 223 874 272 HIERARCHIA
897 222 1131 270 IURISDICTIONIS

291 427 467 510 provinciae
497 425 690 499 conveniant,
727 424 763 487 de
798 424 1013 488 communibus
1048 424 1267 488 Ecclesiarum

291 543 417 588 suarum
442 523 575 606 negotiis
598 522 786 586 coniunctim
803 512 913 584 acturi.
929 557 970 566 -
989 524 1024 584 2ο
1040 521 1151 586 Sedem
1168 523 1268 604 primi

291 623 459 686 conventus
497 618 698 701 Metropolita
734 619 889 704 designet:
929 619 961 682 in
995 621 1155 701 posterum
1195 621 1268 702 ipse

290 719 510 800 Episcoporum
535 719 642 781 coetus
665 735 720 798 pro
745 717 883 798 qualibet
906 717 1082 798 insequenti
1114 717 1190 781 vice.
1220 755 1267 764 —-

292 819 326 881 3⁰
357 817 571 899 Episcopaler'n
596 830 779 880 'consessum
811 815 1012 896 Metropolita
1044 817 1195 880 convocet
1234 819 1270 880 et

292 915 478 987 moderetur,
503 915 544 987 et,
568 913 599 976 in
625 913 690 975 eius
715 911 844 989 delectu,
869 913 970 976 senior
993 912 1025 975 in
1049 913 1270 977 ecclesiastica

291 1011 474 1076 hierarchia.
500 1047 541 1056 —
567 1009 731 1074 Secretarii
765 1028 891 1072 munere
922 1008 1072 1092 fungatur
1097 1009 1134 1086 is,
1168 1029 1267 1090 quem

292 1108 434 1190 Episcopi
458 1126 513 1172 suo
538 1106 685 1188 suffragio
710 1106 950 1188 designaverint.
975 1143 1018 1150 —
1046 1108 1082 1168 4⁰
1107 1107 1269 1190 Congres-

292 1207 372 1272 suris
388 1206 427 1268 sd
443 1204 675 1268 deliberandum
692 1205 825 1267 maxime
841 1205 1052 1286 proponantur
1068 1208 1269 1286 opportunae

291 1303 438 1378 rationes,
474 1303 586 1382 quibus
620 1301 785 1364 efficaciter
819 1302 1018 1366 eliminentur
1055 1302 1270 1366 difficultates

292 1403 323 1466 et
346 1402 557 1464 excusationes
581 1419 659 1483 quae
682 1402 789 1464 contra
816 1401 996 1484 religiosam
1029 1401 1269 1466 observantiam

293 1499 431 1564 omnium
459 1499 651 1562 decretorum
684 1497 812 1562 Consilii
844 1499 977 1562 Plenarii
1010 1499 1138 1582 produci
1167 1501 1270 1563 conti-

291 1598 390 1682 gerit3
414 1616 528 1660 necnon
544 1597 583 1660 ad
600 1597 722 1661 fortiter
738 1599 769 1660 et
785 1597 923 1661 suaviter
946 1598 1142 1682 corrigendas
1167 1599 1270 1682 negli-

291 1696 414 1780 gentias
437 1696 469 1758 in
493 1694 599 1758 eadem
632 1693 836 1758 observantia.
871 1693 1040 1776 Speciatim
1076 1713 1149 1758 vero
1185 1696 1269 1760 totis

291 1793 408 1857 viribus
432 1791 601 1856 curandum
625 1792 694 1868 erit,
718 1793 756 1856 ut
771 1791 935 1857 efficaciter
951 1793 991 1856 ad
1007 1793 1128 1876 praxim
1145 1789 1269 1874 ubique

292 1891 492 1966 deducantur,
518 1911 597 1972 quae
621 1893 651 1954 in
672 1889 808 1957 Concilio
832 1892 975 1956 Plenario
991 1892 1115 1956 decreta
1132 1894 1211 1956 sunt
1228 1892 1268 1956 de

292 1989 437 2054 Indorum
461 1989 501 2052 ad
525 1989 616 2052 fidem
640 1990 836 2053 conversione
863 1991 894 2052 et
928 2008 1033 2054 eorum
1061 1990 1153 2053 instit
1178 1991 1269 2054 tione

292 2088 323 2151 in
346 2088 521 2152 christianis
544 2087 714 2169 praeceptis
737 2089 769 2150 et
792 2106 914 2151 morum
938 2087 1127 2152 urbanitate.
1156 2086 1267 2171 Agen-

292 2185 366 2249 dum
391 2185 507 2267 pariter
530 2185 598 2260 erit,
623 2185 691 2248 tum
714 2185 751 2248 de
778 2185 902 2249 assiduo
932 2185 1150 2268 indigenarum
1181 2185 1268 2251 idio·

292 2285 414 2346 matrum
438 2283 541 2346 studio
558 2282 777 2347 sacerdotibus
799 2283 947 2367 urgendo,
975 2286 1013 2346 ut
1046 2282 1086 2346 ad
1122 2283 1268 2348 salutare

293 2382 475 2445 missionum
500 2400 576 2463 opus
599 2381 718 2444 habiles
741 2381 926 2455 reddantur3
951 2383 1021 2444 tum
1052 2381 1089 2444 dc
1122 2381 1266 2446 infausta

293 2479 440 2542 dilatione
461 2479 609 2561 baptismi
640 2478 851 2560 parvulorum,
882 2479 948 2542 ruri
971 2479 1020 2542 vel
1044 2479 1075 2541 in
1107 2479 1185 2543 locis
1209 2479 1266 2543 ubi

293 2575 439 2640 deficiunt
463 2577 646 2652 sacerdotes,
674 2577 868 2660 degentium
904 2578 973 2640 tum
1008 2576 1044 2640 de
1080 2577 1265 2660 corrigenda

292 2675 496 2755 parochorum
535 2675 724 2759 negligentia
763 2675 863 2755 quoad
902 2674 1042 2738 infirmos
1077 2675 1263 2756 praesertim

293 2772 442 2836 ruricolas
478 2773 571 2835 Sacra
598 2771 794 2836 Eucharistia
829 2771 1026 2845 reficiendam
1062 2772 1188 2836 demum
1225 2772 1264 2836 de

293 2869 363 2932 aliis
386 2869 418 2932 id
441 2888 538 2951 genus
562 2869 764 2952 argumentis,
788 2886 867 2948 quae
902 2868 941 2931 ad
976 2869 1032 2932 Dei
1069 2869 1206 2952 gloriam
1230 2870 1265 2932 et

293 2966 427 3029 salutem
451 2966 625 3028 animarum
648 2965 874 3047 provehendam
898 2967 1069 3029 necessaria
1094 2965 1143 3029 vel
1167 2967 1263 3030 utilia

293 3063 462 3146 Episcopis,
487 3081 541 3144 pro
569 3081 674 3126 eorum
707 3062 771 3126 nelo
806 3081 842 3125 ac
873 3062 1047 3144 prudentia,
1083 3063 1262 3126 videantur.

293 3197 335 3206 -
360 3161 394 3222 5⁰
417 3160 647 3241 Propositiones
670 3159 701 3222 et
717 3159 888 3223 sententiae
904 3161 1011 3224 coetus
1026 3160 1261 3242 Episcoporum,

292 3258 425 3322 maxime
449 3275 520 3320 vcro
545 3275 655 3339 graves
679 3255 880 3320 difficultates
911 3276 988 3338 quae
1017 3257 1049 3320 in
1084 3258 1263 3322 executione

293 3355 325 3419 et
348 3353 545 3418 observantia
568 3353 661 3416 unius
683 3354 885 3423 velalterius
909 3354 1022 3418 decreti
1040 3355 1171 3420 Concilii
1191 3354 1262 3418 Ple-

293 3451 372 3516 narii
397 3468 552 3514 occurrere
576 3451 715 3530 possunt,
739 3450 778 3514 ad
813 3451 961 3515 notitiam
996 3449 1127 3540 Sanctae
1163 3450 1261 3525 Sedis,

293 3549 386 3614 sicuti
420 3567 476 3630 par
510 3549 567 3623 est,
603 3548 745 3610 accurate
780 3547 967 3624 deferantur,
1003 3549 1127 3612 servata
1151 3565 1259 3613 norma

291 3647 481 3730 praescripta
504 3645 535 3708 in
559 3645 692 3709 articulo
717 3645 780 3708 995
806 3645 943 3710 eiusdem
965 3645 1102 3710 Plenarii
1118 3644 1260 3710 Ooncilii.
