2758 4270
263 273 328 322 CAP.
353 276 381 320 V.
407 273 445 321 DE
471 275 627 322 nonnanis
650 275 688 322 ET
712 275 928 322 REGULARIBUS
1029 270 1082 326 299

108 365 194 374 nna—u·-

152 473 233 536 877.
256 510 291 518 -
311 473 367 536 Ill.
384 473 519 538 Possunt
531 473 654 555 privata
667 473 705 537 de
717 492 811 538 causa
824 474 882 538 SS.
901 473 1083 538 Sacramen

102 577 176 635 tarn
200 591 361 650 enponere,
379 571 546 636 dummodo
564 590 580 634 e
596 572 794 636 tabernaculo
809 590 871 636 nou
890 573 1082 648 extrahatur,

101 673 135 734 et
162 671 212 734 ita
238 668 304 733 velo
327 669 369 733 sit
391 670 511 732 tectum
528 669 564 732 ut
579 669 647 751 ipsa
663 669 756 734 Sacra
772 670 886 734 Hostia
908 670 1005 734 videri
1021 689 1082 735 uon

102 767 219 850 possit.

153 867 234 930 878.
258 903 303 912 -
324 865 379 928 IV.
400 891 418 924 ι
434 865 510 928 Non
517 869 622 945 potest
632 865 809 946 Episcopus
823 867 998 946 penerntirn
1010 887 1083 946 pro·

103 965 217 1028 tibere
234 963 445 1043 Repnlcrrilius
461 964 539 1042 qnin
554 964 589 1026 in
609 964 761 1028 Ecclesiis
780 985 907 1028 snormn
928 961 1083 1027 Orctinm

96 1061 298 1143 praedicent.
324 1060 399 1124 Sine
426 1061 613 1124 rationabili
646 1082 742 1126 wasa
774 1061 986 1126 contradicere
1019 1079 1083 1124 non

103 1159 229 1224 debet...
253 1158 403 1242 Religiosi
427 1155 480 1238 qui
504 1157 544 1222 ad
568 1159 773 1224 confessiones
796 1157 965 1222 audiendas
981 1157 1099 1222 idonci

105 1256 297 1341 generaliter
331 1257 444 1336 reperti
477 1257 601 1332 luerint,
633 1257 672 1320 ab
707 1257 867 1339 Episcopis
899 1255 1084 1340 generaliter

105 1371 234 1436 quoque
258 1353 373 1434 absque
389 1353 577 1416 limitatione
594 1356 780 1435 temporum,
798 1353 935 1417 locorum
948 1353 1005 1414 aut
1020 1369 1082 1434 par·

104 1469 257 1515 sonarum
282 1450 312 1513 in
336 1449 466 1513 dioecesi
490 1451 614 1532 propria
639 1453 712 1514 sunt
736 1449 932 1514 admittendi.
962 1449 1084 1513 Confes-

105 1550 213 1613 siones
237 1547 380 1610 audiendi
392 1547 526 1611 facultas
544 1549 687 1612 omnibus
699 1547 792 1613 simul
808 1549 901 1611 unius
916 1547 1083 1612 conventus

105 1645 319 1728 Regularibus
343 1645 439 1708 adimi
464 1646 503 1708 ab
527 1645 689 1728 Episcopo,
714 1645 889 1709 inconsulta
913 1644 989 1708 Sede
1004 1643 1083 1725 Apo·

105 1743 232 1818 stolica
257 1739 436 1806 nullatanus
459 1745 595 1824 potest»
616 1743 824 1827 (Hug'ueniu).

156 1840 232 1904 879.
258 1877 300 1887 —
324 1839 362 1902 V.
388 1840 545 1920 suspendi
567 1861 640 1922 erpo
672 1846 828 1922 nequeant
855 1861 960 1906 omncs
989 1839 1086 1904 simut

105 1939 206 2003 nnius
232 1942 399 2000 conuentus
422 1935 618 2017 Confessarii
644 1937 821 2003 inconsulta
847 1937 879 2002 S.
902 1938 989 2003 Sede.
1015 1937 1084 2001 Ete-

108 2038 175 2102 uim
200 2035 229 2099 S.
255 2033 288 2098 Ο.
313 2035 374 2098 ΕΕ.
399 2038 430 2098 et
453 2037 531 2112 RR.‚
556 2035 605 2101 dia
629 2039 671 2101 20
694 2037 775 2101 Nov.
808 2037 892 2100 1615
925 2036 1082 2101 decrevit:

112 2157 130 2198 ‹
146 2133 403 2215 Archiepiscopis‚
419 2133 588 2216 Episcopis,
603 2135 734 2215 aliisque
750 2135 887 2198 locorum
901 2133 1083 2208 ordinariis

110 2233 149 2297 ad
174 2249 252 2312 quos
275 2229 485 2295 Corrfessarios
509 2232 700 2313 approbandi
724 2232 772 2294 ius
801 2233 930 2314 spectat,
956 2230 1082 2295 Confes-

109 2329 209 2394 sarios
233 2327 413 2413 Regulares
438 2329 516 2392 alias
540 2330 579 2392 ab
603 2330 678 2412 ipsis
700 2329 795 2393 libere
819 2330 1013 2412 approbatos,
1042 2327 1082 2400 ab

109 2426 270 2492 audiendis
294 2427 536 2491 confessionibus
560 2428 743 2510 suspendere
760 2427 888 2509 posthac
905 2426 1031 2491 minime
1047 2426 1082 2489 li-

109 2544 186 2600 cere,
211 2524 330 2588 nisiex
354 2543 434 2588 nova
457 2544 561 2600 causa,
586 2543 682 2606 eaque
706 2523 746 2588 ad
770 2524 975 2588 confessiones
998 2524 1082 2605 ipsas

109 2623 293 2705 pertinente,
318 2623 374 2685 ant
399 2622 437 2686 ob
461 2641 521 2686 non
545 2625 704 2686 servatum
729 2621 928 2686 interdictum
946 2621 984 2684 ab
1007 2621 1081 2702 ipsis

110 2719 282 2784 Ordinariis
305 2721 453 2800 positum.
478 2719 630 2783 Statuunt
653 2717 779 2802 insuper
806 2719 926 2783 eosdem
959 2717 1083 2782 Archia·

110 2815 260 2899 piscopos,
275 2815 451 2897 Episcopus,
465 2817 665 2900 locorumque
678 2817 856 2880 Ordinarios
869 2815 1082 2880 Confessiones

111 2911 255 2978 audiendi
279 2913 463 2977 facultatem
487 2915 629 2979 omuibus
653 2915 747 2978 simul
777 2914 870 2977 unius
905 2911 1081 2976 Conventus

110 3010 320 3095 Regularibus
344 3009 556 3088 Confessariis
581 3013 688 3076 eadem
713 3012 805 3076 Sacra
837 3009 1082 3093 Congregaticue

109 3107 297 3181 inconsulta,
323 3109 409 3173 nullo
434 3111 515 3173 facto
541 3110 675 3187 adimere
707 3129 804 3192 posse.
836 3107 925 3186 Quod
957 3107 1081 3188 quidem

110 3206 277 3271 Decretum
301 3207 339 3269 ut
362 3206 455 3270 iidem
479 3207 688 3272 illustrissimi
719 3207 829 3272 Patras
861 3206 1080 3287 opportunum,

109 3306 141 3369 et
163 3305 370 3368 necessarium
396 3304 557 3370 duxerunt.
582 3306 627 3368 ita
651 3304 872 3369 inviolabiliter
894 3303 1002 3366 iubent
1032 3293 1093 3366 olr¹

109 3401 269 3467 servari»
297 3401 411 3483 (Anat.
441 3400 476 3464 0.
500 3402 551 3466 M.
580 3399 627 3476 0.,
651 3402 692 3476 ΙΙ,
719 3403 807 3484 166).

153 3499 231 3564 880.
257 3536 301 3544 -
328 3499 490 3566 Paruulus
515 3501 666 3581 inpedire
696 3499 803 3582 nequit
832 3517 870 3562 ne
901 3517 997 3562 novus
1025 3499 1082 3562 eri-

107 3600 203 3684 gatur
219 3599 400 3673 contentus,
415 3617 451 3661 nc
463 3597 634 3681 Regulares
646 3597 775 3661 Missam
789 3599 861 3660 ante
873 3595 1080 3678 parochialem

107 3696 263 3761 celebrent
287 3695 336 3758 rel
360 3695 435 3759 hora
459 3695 586 3777 parochi
601 3693 796 3777 praediceut3
820 3713 858 3758 uc
872 3693 978 3758 fideles
997 3713 1082 3778 prae
