2750 4270
283 213 331 268 184
412 215 587 262 celerinus
611 215 649 260 DE
674 214 864 260 HIERARCHIA
887 213 1120 260 IURISDICTIONIS
1165 283 1166 286 Ἰ

278 411 374 476 etium
398 431 416 476 a
441 412 632 488 Tridentino,
657 412 740 493 quod
763 415 810 476 est
834 412 959 486 falsum,
985 411 1059 474 licet
1088 411 1141 474 illa
1171 411 1251 474 dele·

279 509 365 592 gatio
383 510 501 572 muneri
518 511 685 590 episcopali
699 511 845 591 perpetuo
863 511 905 573 sit
922 508 1014 572 affixa
1039 506 1086 589 (O.
1099 505 1250 594 Ferrari).

324 606 398 668 531.
425 641 465 652 -
503 608 553 672 luc
588 609 841 672 administrandi.
872 643 916 654 —
940 607 1182 670 Aoumrsumme
1207 609 1253 668 est

278 704 477 782 spiritualem
500 721 608 768 ennom
631 725 763 768 suornm
791 707 894 768 ocium
925 725 1043 785 perere,
1075 723 1188 783 resque
1211 703 1254 766 ad

279 799 344 864 Dei
365 802 482 865 cnltnnn
511 809 541 864 ot
567 803 697 882 pietotn's
727 823 821 881 opero
848 804 1043 882 pertinentes
1074 801 1251 880 disponere,

278 897 505 979 olilipenterqne
528 920 649 962 curare.
675 937 717 944 -
742 899 825 964 Hmc
848 895 1016 966 Episcopus
1039 899 1064 962 I.
1095 899 1252 962 Ecclesiae

279 997 311 1058 et
335 995 487 1060 Beneficia
511 997 613 1080 erigit,
639 997 816 1079 supprimit,
840 998 973 1060 servatis
1002 1015 1168 1059 suenorum
1197 1015 1250 1058 cu-

279 1113 396 1156 nonnnc
418 1095 548 1175 repulia.

325 1192 399 1254 532.
426 1229 466 1238 -
491 1193 532 1256 ll.
563 1193 715 1256 Ecclesiae
743 1194 945 1276 parochiales
977 1192 1186 1266 Praebendas‚
1220 1193 1251 1254 et

280 1288 431 1353 Beneficia
461 1292 563 1354 omnia
596 1309 669 1354 suae
700 1291 857 1354 Dioecesis
880 1291 1008 1366 confert,
1040 1289 1106 1352 nist
1127 1287 1253 1367 fuerint

280 1393 451 1464 reseruata,
476 1389 525 1451 vel
547 1387 669 1466 offecto.

326 1484 523 1550 533.-lll.
533 1485 652 1569 Deligit
664 1505 715 1550 eos
729 1487 781 1568 qui
793 1487 928 1550 clericali
940 1486 1073 1550 militiae
1102 1485 1250 1559 adscribi,

280 1583 312 1644 et
335 1581 499 1646 Ordinibus
522 1584 639 1647 initiari
671 1585 847 1666 postulant:
877 1587 908 1647 et
932 1604 1059 1648 munera
1084 1585 1115 1646 et
1147 1583 1251 1648 officia

279 1680 486 1745 ecclesiastica
510 1682 548 1745 iis
572 1682 679 1757 defert,
705 1701 782 1763 quos
805 1683 930 1746 idoneos
957 1683 1117 1764 comperit.

326 1777 401 1840 534.
431 1816 462 1824 -»
492 1779 546 1842 IV.
571 1780 607 1842 ln
631 1781 746 1842 rectam
771 1779 1073 1843 administrationem
1094 1779 1249 1844 bonorum

277 1875 376 1938 etium
400 1877 629 1958 temporalium,
647 1877 687 1939 ad
703 1877 854 1940 Ecclesiae
870 1879 902 1940 et
918 1878 986 1940 loca
1010 1877 1067 1940 Pia
1091 1877 1250 1958 pertinen-

281 1971 361 2035 tium
386 1974 548 2038 incumbit.

328 2071 402 2134 535.
426 2110 470 2117 —
492 2071 531 2134 V.
552 2073 678 2136 Piorum
696 2073 895 2146 voluntatum
912 2061 1122 2136 executionem
1146 2071 1247 2142 curat,

279 2169 355 2248 quin
380 2169 453 2244 imo,
477 2189 512 2233 ex
535 2171 714 2234 Tridentino
738 2169 882 2246 Concilio,
903 2171 976 2234 Sese
1002 2173 1059 2243 22,
1077 2190 1144 2249 cup.
1163 2173 1195 2244 8,
1212 2168 1248 2231 dc

282 2264 434 2344 Reform,
458 2267 599 2350 Episcopi
622 2269 717 2331 etiam
741 2269 903 2348 tamquam
933 2267 1132 2348 Apostolicae
1161 2266 1248 2332 Sedis

181 2384 183 2388 ·
283 2361 426 2447 Delegati
449 2366 481 2429 iu
503 2365 626 2429 casibus
657 2384 675 2428 a
698 2365 764 2428 iure
796 2365 947 2428 concessis
973 2363 1108 2446 (quando
1139 2381 1247 2444 nempe

279 2464 456 2526 executores
486 2483 504 2525 a
529 2464 579 2544 pio
612 2463 773 2526 fundatore
807 2462 962 2545 designati
985 2463 1016 2524 in
1040 2481 1096 2526 suo
1121 2478 1248 2525 munere

279 2555 437 2642 fungendo
462 2579 568 2643 segnes
591 2561 844 2643 negligentesque
861 2559 999 2638 luerint),
1017 2560 1157 2622 omnium
1183 2559 1248 2640 pie-

282 2674 351 2718 rum
377 2657 626 2739 dispositionum,
657 2657 777 2720 tamin
806 2657 919 2720 ultima
948 2657 1120 2731 voluntate,
1153 2671 1246 2736 quum

283 2753 363 2818 inter
388 2756 472 2819 vinos
496 2759 569 2821 suut
591 2755 777 2818 executores.

329 2853 404 2914 536.
420 2889 465 2897 -
481 2851 534 2914 Vl.
548 2851 686 2932 Denique
702 2850 860 2933 Episcopis
875 2851 1015 2932 potestas
1028 2851 1075 2912 est
1090 2868 1126 2912 ea
1143 2847 1245 2913 omnia

279 2951 411 3014 curandi
434 2951 465 3014 et
488 2949 701 3033 egendi,quue
724 2949 764 3010 ad
787 2949 903 3010 rectam
928 2965 1001 3011 suae
1026 2947 1180 3010 Dioecesis
1197 2943 1246 3008 ad·

220 3035 223 3044 (
282 3048 546 3114 ministrationem
571 3047 724 3128 pertinent
747 3045 892 3128 (Soglia).

329 3147 403 3210 537.
428 3182 472 3198 -
496 3146 567 3208 Vll.
592 3144 697 3208 Nora:
722 3143 872 3222 Episcopi
895 3139 982 3206 cente
1007 3147 1036 3205 et
1058 3137 1246 3218 99199991-

282 3251 359 3307 ront
371 3243 478 3308 t'tntos
490 3241 686 3322 honorificos,
698 3242 786 3303 iuxta
802 3259 945 3321 praesens
961 3240 1117 3304 monitum
1129 3237 1159 3302 S.
1174 3236 1246 3301 Gon·

284 3343 475 3425 gregationis
492 3339 637 3404 Concilii:
660 3338 785 3402 «Porro
802 3337 1048 3400 Eminentissimi
1064 3335 1173 3398 Patres
1186 3333 1246 3397 Tri·

284 3440 403 3503 dentini
425 3440 501 3504 iuris
524 3439 707 3519 interpretes
723 3454 758 3498 ac
774 3435 911 3499 vindices
927 3434 1001 3497 dum
1018 3434 1125 3497 acerbe
1148 3431 1247 3514 deplo-

284 3538 366 3613 rant,
387 3536 468 3618 quod
489 3554 595 3600 sensus
616 3532 734 3597 Christi
749 3531 786 3596 de
802 3531 851 3594 die
869 3531 901 3594 in
919 3531 1000 3594 diem
1016 3531 1047 3594 in
1064 3530 1245 3612 quibusdam

284 3636 458 3710 evanescat,
483 3632 642 3697 confidunt
664 3629 911 3712 Amplitudinem
934 3629 1035 3693 Tuam
1051 3629 1096 3693 nil
1119 3628 1246 3692 intenta·
