<?xml version="1.0" encoding="UTF-8"?>
<!DOCTYPE html PUBLIC "-//W3C//DTD XHTML 1.0 Transitional//EN"
    "http://www.w3.org/TR/xhtml1/DTD/xhtml1-transitional.dtd">
<html xmlns="http://www.w3.org/1999/xhtml" xml:lang="en" lang="en">
 <head>
  <title>
</title>
<meta http-equiv="Content-Type" content="text/html;charset=utf-8" />
  <meta name='ocr-system' content='tesseract 3.04.00' />
  <meta name='ocr-capabilities' content='ocr_page ocr_carea ocr_par ocr_line ocrx_word'/>
</head>
<body>
  <div class='ocr_page' id='page_1' title='image "./compendiumiuris00tutgoog_0327.png"; bbox 0 0 2758 4270; ppageno 0'>
   <div class='ocr_carea' id='block_1_1' title="bbox 247 225 934 279">
    <p class='ocr_par' dir='ltr' id='par_1_1' title="bbox 247 225 934 279">
     <span class='ocr_line' id='line_1_1' title="bbox 247 225 934 279; baseline -0.01 0"><span class='ocrx_word' id='word_1_1' title='bbox 247 225 300 279; x_wconf 90' lang='grc'><strong>318</strong></span> <span class='ocrx_word' id='word_1_2' title='bbox 528 225 701 273; x_wconf 76' lang='lat' dir='ltr'><strong>TRACTATUS</strong></span> <span class='ocrx_word' id='word_1_3' title='bbox 725 225 764 271; x_wconf 84' lang='lat' dir='ltr'><strong>nn</strong></span> <span class='ocrx_word' id='word_1_4' title='bbox 788 225 934 272; x_wconf 81' lang='lat' dir='ltr'>PERSONIS</span> 
     </span>
    </p>
   </div>
   <div class='ocr_carea' id='block_1_2' title="bbox 246 421 1223 702">
    <p class='ocr_par' dir='ltr' id='par_1_2' title="bbox 246 421 1223 702">
     <span class='ocr_line' id='line_1_2' title="bbox 246 421 1221 504; baseline -0.006 -16"><span class='ocrx_word' id='word_1_5' title='bbox 246 423 419 499; x_wconf 87' lang='lat' dir='ltr'><strong>concedere,</strong></span> <span class='ocrx_word' id='word_1_6' title='bbox 445 442 504 504; x_wconf 90' lang='lat' dir='ltr'><strong>quo</strong></span> <span class='ocrx_word' id='word_1_7' title='bbox 518 434 601 487; x_wconf 76' lang='lat' dir='ltr'><strong>‘suas</strong></span> <span class='ocrx_word' id='word_1_8' title='bbox 625 422 814 488; x_wconf 86' lang='lat' dir='ltr'><strong>defensiones</strong></span> <span class='ocrx_word' id='word_1_9' title='bbox 841 423 905 486; x_wconf 89' lang='lat' dir='ltr'><strong>sive</strong></span> <span class='ocrx_word' id='word_1_10' title='bbox 928 441 982 503; x_wconf 91' lang='lat' dir='ltr'><strong>per</strong></span> <span class='ocrx_word' id='word_1_11' title='bbox 1006 440 1047 494; x_wconf 85' lang='lat' dir='ltr'><strong>sc,</strong></span> <span class='ocrx_word' id='word_1_12' title='bbox 1073 421 1139 485; x_wconf 88' lang='lat' dir='ltr'><strong>sive</strong></span> <span class='ocrx_word' id='word_1_13' title='bbox 1164 439 1221 501; x_wconf 90' lang='lat' dir='ltr'><strong>per</strong></span> 
     </span>
     <span class='ocr_line' id='line_1_3' title="bbox 248 518 1220 604; baseline -0.006 -19"><span class='ocrx_word' id='word_1_14' title='bbox 248 523 344 586; x_wconf 87' lang='lat' dir='ltr'><strong>alium</strong></span> <span class='ocrx_word' id='word_1_15' title='bbox 370 520 504 585; x_wconf 89' lang='lat' dir='ltr'><strong>eiusdem</strong></span> <span class='ocrx_word' id='word_1_16' title='bbox 530 521 668 586; x_wconf 86' lang='lat' dir='ltr'><strong>instituti</strong></span> <span class='ocrx_word' id='word_1_17' title='bbox 692 521 881 604; x_wconf 80' lang='lat' dir='ltr'><strong>religiosum,</strong></span> <span class='ocrx_word' id='word_1_18' title='bbox 914 520 1056 584; x_wconf 83' lang='lat' dir='ltr'><strong>exhibere</strong></span> <span class='ocrx_word' id='word_1_19' title='bbox 1089 518 1220 582; x_wconf 87' lang='lat' dir='ltr'><strong>valeat:</strong></span> 
     </span>
     <span class='ocr_line' id='line_1_4' title="bbox 248 617 1223 702; baseline -0.005 -19"><span class='ocrx_word' id='word_1_20' title='bbox 248 621 331 702; x_wconf 93' lang='lat' dir='ltr'><strong>quod</strong></span> <span class='ocrx_word' id='word_1_21' title='bbox 355 620 381 682; x_wconf 90' lang='lat' dir='ltr'><strong>si</strong></span> <span class='ocrx_word' id='word_1_22' title='bbox 404 620 568 682; x_wconf 85' lang='lat' dir='ltr'><strong>accusatus</strong></span> <span class='ocrx_word' id='word_1_23' title='bbox 592 619 656 700; x_wconf 90' lang='lat' dir='ltr'><strong>ipse</strong></span> <span class='ocrx_word' id='word_1_24' title='bbox 679 619 818 700; x_wconf 87' lang='lat' dir='ltr'><strong>proprias</strong></span> <span class='ocrx_word' id='word_1_25' title='bbox 842 617 1032 680; x_wconf 87' lang='lat' dir='ltr'><strong>defensiones</strong></span> <span class='ocrx_word' id='word_1_26' title='bbox 1057 635 1116 680; x_wconf 93' lang='lat' dir='ltr'><strong>non</strong></span> <span class='ocrx_word' id='word_1_27' title='bbox 1134 635 1223 697; x_wconf 80' lang='lat' dir='ltr'><strong>prae</strong></span> 
     </span>
    </p>
   </div>
   <div class='ocr_carea' id='block_1_3' title="bbox 145 716 1224 798">
    <p class='ocr_par' dir='ltr' id='par_1_3' title="bbox 145 716 1224 798">
     <span class='ocr_line' id='line_1_5' title="bbox 145 716 1224 798; baseline -0.002 -20"><span class='ocrx_word' id='word_1_28' title='bbox 145 763 150 778; x_wconf 48' lang='lat' dir='ltr'><strong>r</strong></span> <span class='ocrx_word' id='word_1_29' title='bbox 249 718 429 793; x_wconf 84' lang='lat' dir='ltr'><strong>sentavcrit,</strong></span> <span class='ocrx_word' id='word_1_30' title='bbox 447 717 595 798; x_wconf 84' lang='lat' dir='ltr'>superior,</span> <span class='ocrx_word' id='word_1_31' title='bbox 612 735 666 779; x_wconf 87' lang='lat' dir='ltr'><strong>seu</strong></span> <span class='ocrx_word' id='word_1_32' title='bbox 683 716 830 791; x_wconf 83' lang='lat' dir='ltr'><strong>tribunal,</strong></span> <span class='ocrx_word' id='word_1_33' title='bbox 849 716 1048 789; x_wconf 80' lang='lat' dir='ltr'><strong>defensorem,</strong></span> <span class='ocrx_word' id='word_1_34' title='bbox 1062 717 1224 794; x_wconf 85' lang='lat' dir='ltr'><strong>utsupra,</strong></span> 
     </span>
    </p>
   </div>
   <div class='ocr_carea' id='block_1_4' title="bbox 227 811 1228 3636">
    <p class='ocr_par' dir='ltr' id='par_1_4' title="bbox 227 811 1224 1972">
     <span class='ocr_line' id='line_1_6' title="bbox 227 811 1224 896; baseline -0.003 -19"><span class='ocrx_word' id='word_1_35' title='bbox 227 829 230 836; x_wconf 82' lang='lat'>·</span> <span class='ocrx_word' id='word_1_36' title='bbox 249 814 411 878; x_wconf 90' lang='lat' dir='ltr'><strong>alumnum</strong></span> <span class='ocrx_word' id='word_1_37' title='bbox 435 815 597 896; x_wconf 85' lang='lat' dir='ltr'><strong>respectivi</strong></span> <span class='ocrx_word' id='word_1_38' title='bbox 621 813 759 877; x_wconf 89' lang='lat' dir='ltr'><strong>instituti</strong></span> <span class='ocrx_word' id='word_1_39' title='bbox 784 833 820 878; x_wconf 87' lang='lat' dir='ltr'><strong>cx</strong></span> <span class='ocrx_word' id='word_1_40' title='bbox 843 813 942 876; x_wconf 89' lang='lat' dir='ltr'><strong>officio</strong></span> <span class='ocrx_word' id='word_1_41' title='bbox 965 814 1153 877; x_wconf 85' lang='lat' dir='ltr'><strong>constituere</strong></span> <span class='ocrx_word' id='word_1_42' title='bbox 1171 811 1224 874; x_wconf 89' lang='lat' dir='ltr'><strong>de·</strong></span> 
     </span>
     <span class='ocr_line' id='line_1_7' title="bbox 249 911 1220 992; baseline -0.005 -16"><span class='ocrx_word' id='word_1_43' title='bbox 249 912 344 976; x_wconf 91' lang='lat' dir='ltr'><strong>bebit.</strong></span> <span class='ocrx_word' id='word_1_44' title='bbox 367 912 445 976; x_wconf 91' lang='lat' dir='ltr'><strong>Post</strong></span> <span class='ocrx_word' id='word_1_45' title='bbox 467 913 542 976; x_wconf 91' lang='lat' dir='ltr'><strong>haec</strong></span> <span class='ocrx_word' id='word_1_46' title='bbox 561 912 700 992; x_wconf 82' lang='lat' dir='ltr'><strong>superior</strong></span> <span class='ocrx_word' id='word_1_47' title='bbox 716 931 784 974; x_wconf 89' lang='lat' dir='ltr'><strong>oum</strong></span> <span class='ocrx_word' id='word_1_48' title='bbox 803 930 858 974; x_wconf 88' lang='lat' dir='ltr'><strong>suo</strong></span> <span class='ocrx_word' id='word_1_49' title='bbox 875 911 1003 975; x_wconf 87' lang='lat' dir='ltr'><strong>consilio</strong></span> <span class='ocrx_word' id='word_1_50' title='bbox 1029 911 1220 975; x_wconf 72' lang='lat' dir='ltr'><strong>sententiam</strong></span> 
     </span>
     <span class='ocr_line' id='line_1_8' title="bbox 250 1010 1222 1093; baseline -0.003 -18"><span class='ocrx_word' id='word_1_51' title='bbox 250 1012 436 1093; x_wconf 82' lang='lat' dir='ltr'><strong>expulsionis</strong></span> <span class='ocrx_word' id='word_1_52' title='bbox 450 1013 505 1074; x_wconf 86' lang='lat' dir='ltr'><strong>aut</strong></span> <span class='ocrx_word' id='word_1_53' title='bbox 516 1010 705 1074; x_wconf 89' lang='lat' dir='ltr'><strong>dimissionis</strong></span> <span class='ocrx_word' id='word_1_54' title='bbox 717 1010 918 1092; x_wconf 88' lang='lat' dir='ltr'><strong>pronuntiare</strong></span> <span class='ocrx_word' id='word_1_55' title='bbox 930 1011 1056 1092; x_wconf 87' lang='lat' dir='ltr'><strong>poterit,</strong></span> <span class='ocrx_word' id='word_1_56' title='bbox 1076 1028 1156 1090; x_wconf 88' lang='lat' dir='ltr'><strong>quae</strong></span> <span class='ocrx_word' id='word_1_57' title='bbox 1174 1011 1222 1072; x_wconf 84' lang='lat' dir='ltr'><strong>ta-</strong></span> 
     </span>
     <span class='ocr_line' id='line_1_9' title="bbox 251 1108 1222 1185; baseline -0.002 -13"><span class='ocrx_word' id='word_1_58' title='bbox 251 1129 320 1173; x_wconf 91' lang='lat' dir='ltr'><strong>men</strong></span> <span class='ocrx_word' id='word_1_59' title='bbox 334 1109 453 1173; x_wconf 92' lang='lat' dir='ltr'><strong>nullum</strong></span> <span class='ocrx_word' id='word_1_60' title='bbox 467 1109 608 1172; x_wconf 83' lang='lat' dir='ltr'><strong>effectum</strong></span> <span class='ocrx_word' id='word_1_61' title='bbox 625 1109 763 1185; x_wconf 84' lang='lat' dir='ltr'><strong>habebit,</strong></span> <span class='ocrx_word' id='word_1_62' title='bbox 780 1109 805 1172; x_wconf 88' lang='lat' dir='ltr'><strong>si</strong></span> <span class='ocrx_word' id='word_1_63' title='bbox 823 1108 1046 1172; x_wconf 86' lang='lat' dir='ltr'><strong>condemnatus</strong></span> <span class='ocrx_word' id='word_1_64' title='bbox 1062 1128 1080 1172; x_wconf 88' lang='lat' dir='ltr'><strong>a</strong></span> <span class='ocrx_word' id='word_1_65' title='bbox 1097 1108 1222 1171; x_wconf 89' lang='lat' dir='ltr'><strong>senten·</strong></span> 
     </span>
     <span class='ocr_line' id='line_1_10' title="bbox 251 1197 1221 1289; baseline -0.005 -17"><span class='ocrx_word' id='word_1_66' title='bbox 251 1209 296 1272; x_wconf 90' lang='lat' dir='ltr'><strong>tia</strong></span> <span class='ocrx_word' id='word_1_67' title='bbox 320 1208 442 1289; x_wconf 88' lang='lat' dir='ltr'><strong>prolata</strong></span> <span class='ocrx_word' id='word_1_68' title='bbox 458 1209 516 1270; x_wconf 91' lang='lat' dir='ltr'><strong>rite</strong></span> <span class='ocrx_word' id='word_1_69' title='bbox 533 1207 573 1270; x_wconf 85' lang='lat' dir='ltr'><strong>ad</strong></span> <span class='ocrx_word' id='word_1_70' title='bbox 589 1208 621 1272; x_wconf 86' lang='lat' dir='ltr'><strong>S.</strong></span> <span class='ocrx_word' id='word_1_71' title='bbox 640 1209 673 1272; x_wconf 78' lang='grc' dir='ltr'><strong>Ο.</strong></span> <span class='ocrx_word' id='word_1_72' title='bbox 687 1207 748 1269; x_wconf 79' lang='lat' dir='ltr'><strong>nn.</strong></span> <span class='ocrx_word' id='word_1_73' title='bbox 761 1209 793 1270; x_wconf 88' lang='lat' dir='ltr'><strong>et</strong></span> <span class='ocrx_word' id='word_1_74' title='bbox 809 1207 876 1269; x_wconf 85' lang='lat' dir='ltr'><strong>RR.</strong></span> <span class='ocrx_word' id='word_1_75' title='bbox 895 1197 1107 1288; x_wconf 83' lang='lat' dir='ltr'><strong>appellaverit,</strong></span> <span class='ocrx_word' id='word_1_76' title='bbox 1122 1205 1221 1268; x_wconf 89' lang='lat' dir='ltr'><strong>donec</strong></span> 
     </span>
     <span class='ocr_line' id='line_1_11' title="bbox 251 1304 1221 1390; baseline -0.004 -20"><span class='ocrx_word' id='word_1_77' title='bbox 251 1326 304 1390; x_wconf 90' lang='lat' dir='ltr'><strong>per</strong></span> <span class='ocrx_word' id='word_1_78' title='bbox 328 1306 467 1368; x_wconf 91' lang='lat' dir='ltr'><strong>eamdem</strong></span> <span class='ocrx_word' id='word_1_79' title='bbox 491 1306 523 1369; x_wconf 86' lang='lat' dir='ltr'><strong>S.</strong></span> <span class='ocrx_word' id='word_1_80' title='bbox 539 1307 572 1370; x_wconf 83' lang='lat' dir='ltr'><strong>C.</strong></span> <span class='ocrx_word' id='word_1_81' title='bbox 597 1305 789 1370; x_wconf 86' lang='lat' dir='ltr'><strong>definitivum</strong></span> <span class='ocrx_word' id='word_1_82' title='bbox 814 1305 962 1368; x_wconf 87' lang='lat' dir='ltr'><strong>iudicium</strong></span> <span class='ocrx_word' id='word_1_83' title='bbox 980 1304 1139 1386; x_wconf 89' lang='lat' dir='ltr'><strong>prolatum</strong></span> <span class='ocrx_word' id='word_1_84' title='bbox 1156 1321 1221 1366; x_wconf 89' lang='lat' dir='ltr'><strong>non</strong></span> 
     </span>
     <span class='ocr_line' id='line_1_12' title="bbox 251 1401 1221 1487; baseline -0.004 -19"><span class='ocrx_word' id='word_1_85' title='bbox 251 1405 353 1468; x_wconf 87' lang='lat' dir='ltr'><strong>fuerit.</strong></span> <span class='ocrx_word' id='word_1_86' title='bbox 363 1403 491 1483; x_wconf 76' lang='lat' dir='ltr'><strong>Quoties</strong></span> <span class='ocrx_word' id='word_1_87' title='bbox 507 1405 612 1468; x_wconf 86' lang='lat' dir='ltr'><strong>autem</strong></span> <span class='ocrx_word' id='word_1_88' title='bbox 628 1403 777 1487; x_wconf 83' lang='lat' dir='ltr'><strong>gravibus</strong></span> <span class='ocrx_word' id='word_1_89' title='bbox 793 1423 828 1467; x_wconf 83' lang='lat' dir='ltr'><strong>ex</strong></span> <span class='ocrx_word' id='word_1_90' title='bbox 844 1405 945 1466; x_wconf 80' lang='lat' dir='ltr'><strong>causis</strong></span> <span class='ocrx_word' id='word_1_91' title='bbox 961 1401 1144 1484; x_wconf 89' lang='lat' dir='ltr'><strong>procedendi</strong></span> <span class='ocrx_word' id='word_1_92' title='bbox 1157 1419 1221 1464; x_wconf 77' lang='lat' dir='ltr'><strong>mo</strong></span> 
     </span>
     <span class='ocr_line' id='line_1_13' title="bbox 249 1497 1221 1582; baseline -0.003 -17"><span class='ocrx_word' id='word_1_93' title='bbox 249 1501 363 1565; x_wconf 85' lang='lat' dir='ltr'><strong>thodus</strong></span> <span class='ocrx_word' id='word_1_94' title='bbox 387 1501 564 1582; x_wconf 85' lang='lat' dir='ltr'><strong>supradicta</strong></span> <span class='ocrx_word' id='word_1_95' title='bbox 588 1501 703 1564; x_wconf 85' lang='lat' dir='ltr'><strong>servari</strong></span> <span class='ocrx_word' id='word_1_96' title='bbox 727 1501 869 1580; x_wconf 88' lang='lat' dir='ltr'><strong>nequeat,</strong></span> <span class='ocrx_word' id='word_1_97' title='bbox 894 1502 969 1564; x_wconf 87' lang='lat' dir='ltr'><strong>tuno</strong></span> <span class='ocrx_word' id='word_1_98' title='bbox 995 1517 1138 1562; x_wconf 89' lang='lat' dir='ltr'><strong>recursus</strong></span> <span class='ocrx_word' id='word_1_99' title='bbox 1165 1497 1221 1562; x_wconf 86' lang='lat' dir='ltr'><strong>ha-</strong></span> 
     </span>
     <span class='ocr_line' id='line_1_14' title="bbox 250 1595 1220 1663; baseline -0.003 -1"><span class='ocrx_word' id='word_1_100' title='bbox 250 1599 313 1662; x_wconf 89' lang='lat' dir='ltr'><strong>beri</strong></span> <span class='ocrx_word' id='word_1_101' title='bbox 337 1599 427 1662; x_wconf 90' lang='lat' dir='ltr'><strong>debet</strong></span> <span class='ocrx_word' id='word_1_102' title='bbox 457 1599 496 1662; x_wconf 90' lang='lat' dir='ltr'><strong>ad</strong></span> <span class='ocrx_word' id='word_1_103' title='bbox 520 1601 598 1662; x_wconf 88' lang='lat' dir='ltr'><strong>hano</strong></span> <span class='ocrx_word' id='word_1_104' title='bbox 622 1599 654 1663; x_wconf 83' lang='lat' dir='ltr'><strong>S.</strong></span> <span class='ocrx_word' id='word_1_105' title='bbox 681 1602 714 1662; x_wconf 80' lang='lat' dir='ltr'><strong>O.</strong></span> <span class='ocrx_word' id='word_1_106' title='bbox 740 1598 779 1662; x_wconf 88' lang='lat' dir='ltr'><strong>ad</strong></span> <span class='ocrx_word' id='word_1_107' title='bbox 811 1599 956 1662; x_wconf 87' lang='lat' dir='ltr'><strong>effectum</strong></span> <span class='ocrx_word' id='word_1_108' title='bbox 988 1595 1145 1662; x_wconf 89' lang='lat' dir='ltr'><strong>obtinendi</strong></span> <span class='ocrx_word' id='word_1_109' title='bbox 1170 1596 1220 1659; x_wconf 90' lang='lat' dir='ltr'><strong>di-</strong></span> 
     </span>
     <span class='ocr_line' id='line_1_15' title="bbox 249 1694 1220 1778; baseline -0.004 -17"><span class='ocrx_word' id='word_1_110' title='bbox 249 1697 478 1778; x_wconf 85' lang='lat' dir='ltr'><strong>spensationem</strong></span> <span class='ocrx_word' id='word_1_111' title='bbox 502 1715 520 1759; x_wconf 84' lang='lat' dir='ltr'><strong>a</strong></span> <span class='ocrx_word' id='word_1_112' title='bbox 544 1697 795 1760; x_wconf 82' lang='lat' dir='ltr'><strong>solemnitatibus</strong></span> <span class='ocrx_word' id='word_1_113' title='bbox 825 1696 1031 1778; x_wconf 82' lang='lat' dir='ltr'><strong>praescriptis,</strong></span> <span class='ocrx_word' id='word_1_114' title='bbox 1057 1696 1089 1757; x_wconf 88' lang='lat' dir='ltr'><strong>et</strong></span> <span class='ocrx_word' id='word_1_115' title='bbox 1118 1694 1220 1758; x_wconf 85' lang='lat' dir='ltr'><strong>facul·</strong></span> 
     </span>
     <span class='ocr_line' id='line_1_16' title="bbox 251 1791 1220 1875; baseline -0.002 -19"><span class='ocrx_word' id='word_1_116' title='bbox 251 1795 350 1856; x_wconf 89' lang='lat' dir='ltr'><strong>tatem</strong></span> <span class='ocrx_word' id='word_1_117' title='bbox 360 1791 538 1875; x_wconf 90' lang='lat' dir='ltr'><strong>prooedcndi</strong></span> <span class='ocrx_word' id='word_1_118' title='bbox 548 1793 718 1857; x_wconf 86' lang='lat' dir='ltr'><strong>summario</strong></span> <span class='ocrx_word' id='word_1_119' title='bbox 727 1792 913 1856; x_wconf 86' lang='lat' dir='ltr'><strong>modoiuxta</strong></span> <span class='ocrx_word' id='word_1_120' title='bbox 925 1793 1044 1874; x_wconf 84' lang='lat' dir='ltr'><strong>praxim</strong></span> <span class='ocrx_word' id='word_1_121' title='bbox 1058 1792 1220 1874; x_wconf 86' lang='lat' dir='ltr'><strong>vigentem</strong></span> 
     </span>
     <span class='ocr_line' id='line_1_17' title="bbox 252 1891 530 1972; baseline -0.007 -18"><span class='ocrx_word' id='word_1_122' title='bbox 252 1891 334 1972; x_wconf 90' lang='lat' dir='ltr'><strong>apud</strong></span> <span class='ocrx_word' id='word_1_123' title='bbox 350 1891 430 1954; x_wconf 87' lang='lat' dir='ltr'><strong>hano</strong></span> <span class='ocrx_word' id='word_1_124' title='bbox 448 1891 478 1954; x_wconf 87' lang='lat' dir='ltr'><strong>S.</strong></span> <span class='ocrx_word' id='word_1_125' title='bbox 497 1891 530 1955; x_wconf 87' lang='lat' dir='ltr'><strong>C.</strong></span> 
     </span>
    </p>

    <p class='ocr_par' dir='ltr' id='par_1_5' title="bbox 251 1988 1223 2655">
     <span class='ocr_line' id='line_1_18' title="bbox 297 1988 1220 2064; baseline -0.001 -12"><span class='ocrx_word' id='word_1_126' title='bbox 297 1990 371 2052; x_wconf 79' lang='lat'><strong>926.</strong></span> <span class='ocrx_word' id='word_1_127' title='bbox 397 2027 440 2034; x_wconf 96' lang='lat'><strong>—</strong></span> <span class='ocrx_word' id='word_1_128' title='bbox 466 1989 551 2052; x_wconf 78' lang='lat' dir='ltr'><strong>«IV.</strong></span> <span class='ocrx_word' id='word_1_129' title='bbox 576 1988 705 2052; x_wconf 84' lang='lat' dir='ltr'><strong>Alumni</strong></span> <span class='ocrx_word' id='word_1_130' title='bbox 717 1990 859 2053; x_wconf 88' lang='lat' dir='ltr'><strong>votorum</strong></span> <span class='ocrx_word' id='word_1_131' title='bbox 872 1989 1067 2064; x_wconf 86' lang='lat' dir='ltr'><strong>solemnium,</strong></span> <span class='ocrx_word' id='word_1_132' title='bbox 1086 1989 1135 2052; x_wconf 88' lang='lat' dir='ltr'><strong>vcl</strong></span> <span class='ocrx_word' id='word_1_133' title='bbox 1146 1988 1220 2052; x_wconf 87' lang='lat' dir='ltr'><strong>slm-</strong></span> 
     </span>
     <span class='ocr_line' id='line_1_19' title="bbox 251 2084 1220 2168; baseline 0 -20"><span class='ocrx_word' id='word_1_134' title='bbox 251 2085 378 2167; x_wconf 82' lang='lat' dir='ltr'><strong>plinium</strong></span> <span class='ocrx_word' id='word_1_135' title='bbox 402 2087 629 2166; x_wconf 90' lang='lat' dir='ltr'><strong>perpetuorum,</strong></span> <span class='ocrx_word' id='word_1_136' title='bbox 656 2087 704 2150; x_wconf 86' lang='lat' dir='ltr'><strong>vel</strong></span> <span class='ocrx_word' id='word_1_137' title='bbox 728 2087 947 2168; x_wconf 87' lang='lat' dir='ltr'><strong>temporalium</strong></span> <span class='ocrx_word' id='word_1_138' title='bbox 972 2087 1003 2149; x_wconf 92' lang='lat' dir='ltr'><strong>in</strong></span> <span class='ocrx_word' id='word_1_139' title='bbox 1020 2087 1115 2150; x_wconf 84' lang='lat' dir='ltr'><strong>sacris</strong></span> <span class='ocrx_word' id='word_1_140' title='bbox 1132 2084 1220 2148; x_wconf 88' lang='lat' dir='ltr'><strong>Ordi-</strong></span> 
     </span>
     <span class='ocr_line' id='line_1_20' title="bbox 252 2183 1221 2266; baseline 0 -20"><span class='ocrx_word' id='word_1_141' title='bbox 252 2183 342 2246; x_wconf 90' lang='lat' dir='ltr'><strong>nibus</strong></span> <span class='ocrx_word' id='word_1_142' title='bbox 365 2183 537 2258; x_wconf 84' lang='lat' dir='ltr'><strong>eonstntuti‚</strong></span> <span class='ocrx_word' id='word_1_143' title='bbox 562 2184 616 2264; x_wconf 88' lang='lat' dir='ltr'><strong>qui</strong></span> <span class='ocrx_word' id='word_1_144' title='bbox 638 2185 755 2266; x_wconf 81' lang='lat' dir='ltr'><strong>expulsi</strong></span> <span class='ocrx_word' id='word_1_145' title='bbox 778 2184 828 2247; x_wconf 87' lang='lat' dir='ltr'><strong>vel</strong></span> <span class='ocrx_word' id='word_1_146' title='bbox 852 2184 973 2248; x_wconf 89' lang='lat' dir='ltr'><strong>dimissi</strong></span> <span class='ocrx_word' id='word_1_147' title='bbox 1003 2184 1128 2258; x_wconf 83' lang='lat' dir='ltr'><strong>luerint,</strong></span> <span class='ocrx_word' id='word_1_148' title='bbox 1150 2201 1221 2265; x_wconf 90' lang='lat' dir='ltr'><strong>pcr-</strong></span> 
     </span>
     <span class='ocr_line' id='line_1_21' title="bbox 252 2279 1221 2363; baseline 0.002 -19"><span class='ocrx_word' id='word_1_149' title='bbox 252 2283 345 2363; x_wconf 87' lang='lat' dir='ltr'><strong>petuo</strong></span> <span class='ocrx_word' id='word_1_150' title='bbox 368 2283 506 2363; x_wconf 90' lang='lat' dir='ltr'><strong>suspensi</strong></span> <span class='ocrx_word' id='word_1_151' title='bbox 523 2283 678 2357; x_wconf 88' lang='lat' dir='ltr'><strong>maneant,</strong></span> <span class='ocrx_word' id='word_1_152' title='bbox 697 2282 792 2346; x_wconf 87' lang='lat' dir='ltr'><strong>donec</strong></span> <span class='ocrx_word' id='word_1_153' title='bbox 808 2302 826 2346; x_wconf 87' lang='lat' dir='ltr'><strong>a</strong></span> <span class='ocrx_word' id='word_1_154' title='bbox 842 2281 872 2346; x_wconf 82' lang='lat' dir='ltr'><strong>S.</strong></span> <span class='ocrx_word' id='word_1_155' title='bbox 890 2282 966 2346; x_wconf 82' lang='lat' dir='ltr'><strong>Sede</strong></span> <span class='ocrx_word' id='word_1_156' title='bbox 983 2283 1045 2346; x_wconf 84' lang='lat' dir='ltr'><strong>alio</strong></span> <span class='ocrx_word' id='word_1_157' title='bbox 1063 2282 1156 2346; x_wconf 94' lang='lat' dir='ltr'><strong>modo</strong></span> <span class='ocrx_word' id='word_1_158' title='bbox 1173 2279 1221 2346; x_wconf 90' lang='lat' dir='ltr'><strong>eis</strong></span> 
     </span>
     <span class='ocr_line' id='line_1_22' title="bbox 251 2379 1223 2462; baseline 0.001 -21"><span class='ocrx_word' id='word_1_159' title='bbox 251 2379 449 2454; x_wconf 65' lang='lat' dir='ltr'><strong>consulatum</strong></span> <span class='ocrx_word' id='word_1_160' title='bbox 474 2398 510 2442; x_wconf 88' lang='lat' dir='ltr'><strong>ac</strong></span> <span class='ocrx_word' id='word_1_161' title='bbox 533 2381 691 2460; x_wconf 87' lang='lat' dir='ltr'><strong>praeterea</strong></span> <span class='ocrx_word' id='word_1_162' title='bbox 715 2379 901 2462; x_wconf 79' lang='lat' dir='ltr'><strong>Episcopum</strong></span> <span class='ocrx_word' id='word_1_163' title='bbox 926 2380 1109 2445; x_wconf 90' lang='lat' dir='ltr'><strong>benevolum</strong></span> <span class='ocrx_word' id='word_1_164' title='bbox 1136 2398 1223 2442; x_wconf 86' lang='lat' dir='ltr'><strong>rece-</strong></span> 
     </span>
     <span class='ocr_line' id='line_1_23' title="bbox 252 2473 1222 2560; baseline 0.003 -23"><span class='ocrx_word' id='word_1_165' title='bbox 252 2476 374 2557; x_wconf 88' lang='lat' dir='ltr'><strong>ptorem</strong></span> <span class='ocrx_word' id='word_1_166' title='bbox 397 2473 579 2552; x_wconf 88' lang='lat' dir='ltr'><strong>invenerint,</strong></span> <span class='ocrx_word' id='word_1_167' title='bbox 604 2478 635 2540; x_wconf 94' lang='lat' dir='ltr'><strong>et</strong></span> <span class='ocrx_word' id='word_1_168' title='bbox 659 2476 695 2540; x_wconf 94' lang='lat' dir='ltr'><strong>de</strong></span> <span class='ocrx_word' id='word_1_169' title='bbox 718 2478 924 2542; x_wconf 87' lang='lat' dir='ltr'><strong>ecclesiastico</strong></span> <span class='ocrx_word' id='word_1_170' title='bbox 949 2478 1136 2560; x_wconf 84' lang='lat' dir='ltr'><strong>patrimonio</strong></span> <span class='ocrx_word' id='word_1_171' title='bbox 1160 2477 1222 2541; x_wconf 91' lang='lat' dir='ltr'><strong>sibi</strong></span> 
     </span>
     <span class='ocr_line' id='line_1_24' title="bbox 253 2573 454 2655; baseline 0.01 -21"><span class='ocrx_word' id='word_1_172' title='bbox 253 2573 454 2655; x_wconf 85' lang='lat' dir='ltr'><strong>providerint.</strong></span> 
     </span>
    </p>

    <p class='ocr_par' dir='ltr' id='par_1_6' title="bbox 253 2671 1228 3636">
     <span class='ocr_line' id='line_1_25' title="bbox 299 2671 1224 2752; baseline 0.004 -18"><span class='ocrx_word' id='word_1_173' title='bbox 299 2672 374 2734; x_wconf 83' lang='lat'><strong>927.</strong></span> <span class='ocrx_word' id='word_1_174' title='bbox 390 2709 432 2718; x_wconf 90' lang='lat'>-</span> <span class='ocrx_word' id='word_1_175' title='bbox 444 2697 460 2731; x_wconf 84' lang='lat'>‹</span> <span class='ocrx_word' id='word_1_176' title='bbox 474 2671 513 2735; x_wconf 90' lang='lat' dir='ltr'><strong>V.</strong></span> <span class='ocrx_word' id='word_1_177' title='bbox 529 2671 589 2752; x_wconf 79' lang='lat' dir='ltr'><strong>Qui</strong></span> <span class='ocrx_word' id='word_1_178' title='bbox 604 2674 634 2737; x_wconf 93' lang='lat' dir='ltr'><strong>in</strong></span> <span class='ocrx_word' id='word_1_179' title='bbox 652 2674 745 2737; x_wconf 87' lang='lat' dir='ltr'><strong>sacris</strong></span> <span class='ocrx_word' id='word_1_180' title='bbox 762 2673 927 2738; x_wconf 88' lang='lat' dir='ltr'><strong>Ordinibus</strong></span> <span class='ocrx_word' id='word_1_181' title='bbox 943 2676 1107 2738; x_wconf 86' lang='lat' dir='ltr'><strong>constituti</strong></span> <span class='ocrx_word' id='word_1_182' title='bbox 1119 2676 1152 2738; x_wconf 89' lang='lat' dir='ltr'><strong>et</strong></span> <span class='ocrx_word' id='word_1_183' title='bbox 1165 2693 1224 2738; x_wconf 88' lang='lat' dir='ltr'><strong>vo-</strong></span> 
     </span>
     <span class='ocr_line' id='line_1_26' title="bbox 253 2763 1223 2852; baseline 0.002 -20"><span class='ocrx_word' id='word_1_184' title='bbox 253 2769 295 2832; x_wconf 88' lang='lat' dir='ltr'><strong>tis</strong></span> <span class='ocrx_word' id='word_1_185' title='bbox 315 2770 506 2850; x_wconf 86' lang='lat' dir='ltr'><strong>simplicibus</strong></span> <span class='ocrx_word' id='word_1_186' title='bbox 530 2771 670 2834; x_wconf 87' lang='lat' dir='ltr'><strong>obstricti</strong></span> <span class='ocrx_word' id='word_1_187' title='bbox 695 2771 758 2834; x_wconf 90' lang='lat' dir='ltr'><strong>sive</strong></span> <span class='ocrx_word' id='word_1_188' title='bbox 775 2773 939 2852; x_wconf 87' lang='lat' dir='ltr'><strong>perpetuis,</strong></span> <span class='ocrx_word' id='word_1_189' title='bbox 954 2773 1019 2834; x_wconf 88' lang='lat' dir='ltr'><strong>sive</strong></span> <span class='ocrx_word' id='word_1_190' title='bbox 1036 2763 1223 2852; x_wconf 83' lang='lat' dir='ltr'><strong>temporali-</strong></span> 
     </span>
     <span class='ocr_line' id='line_1_27' title="bbox 254 2866 1225 2950; baseline 0.003 -21"><span class='ocrx_word' id='word_1_191' title='bbox 254 2866 322 2942; x_wconf 88' lang='lat' dir='ltr'><strong>bus,</strong></span> <span class='ocrx_word' id='word_1_192' title='bbox 336 2870 444 2948; x_wconf 89' lang='lat' dir='ltr'><strong>sponte</strong></span> <span class='ocrx_word' id='word_1_193' title='bbox 460 2867 669 2930; x_wconf 85' lang='lat' dir='ltr'><strong>dimissionem</strong></span> <span class='ocrx_word' id='word_1_194' title='bbox 688 2867 726 2930; x_wconf 88' lang='lat' dir='ltr'><strong>ab</strong></span> <span class='ocrx_word' id='word_1_195' title='bbox 738 2868 920 2949; x_wconf 86' lang='lat' dir='ltr'><strong>Apostolioa</strong></span> <span class='ocrx_word' id='word_1_196' title='bbox 933 2868 1009 2932; x_wconf 83' lang='lat' dir='ltr'><strong>Sede</strong></span> <span class='ocrx_word' id='word_1_197' title='bbox 1019 2869 1165 2950; x_wconf 87' lang='lat' dir='ltr'><strong>petierint</strong></span> <span class='ocrx_word' id='word_1_198' title='bbox 1188 2871 1225 2932; x_wconf 88' lang='lat' dir='ltr'><strong>et</strong></span> 
     </span>
     <span class='ocr_line' id='line_1_28' title="bbox 255 2964 1224 3050; baseline 0.003 -22"><span class='ocrx_word' id='word_1_199' title='bbox 255 2964 454 3040; x_wconf 85' lang='lat' dir='ltr'><strong>obtinuerint,</strong></span> <span class='ocrx_word' id='word_1_200' title='bbox 467 2965 517 3028; x_wconf 85' lang='lat' dir='ltr'><strong>vel</strong></span> <span class='ocrx_word' id='word_1_201' title='bbox 540 2965 632 3028; x_wconf 86' lang='lat' dir='ltr'><strong>aliter</strong></span> <span class='ocrx_word' id='word_1_202' title='bbox 655 2984 690 3028; x_wconf 90' lang='lat' dir='ltr'><strong>er</strong></span> <span class='ocrx_word' id='word_1_203' title='bbox 714 2967 885 3047; x_wconf 87' lang='lat' dir='ltr'><strong>apostolico</strong></span> <span class='ocrx_word' id='word_1_204' title='bbox 908 2967 1070 3050; x_wconf 83' lang='lat' dir='ltr'><strong>privilegio</strong></span> <span class='ocrx_word' id='word_1_205' title='bbox 1094 2987 1113 3030; x_wconf 88' lang='lat' dir='ltr'><strong>a</strong></span> <span class='ocrx_word' id='word_1_206' title='bbox 1138 2969 1224 3032; x_wconf 88' lang='lat' dir='ltr'><strong>votis</strong></span> 
     </span>
     <span class='ocr_line' id='line_1_29' title="bbox 253 3062 1222 3146; baseline 0.005 -22"><span class='ocrx_word' id='word_1_207' title='bbox 253 3062 444 3144; x_wconf 89' lang='lat' dir='ltr'><strong>simplicibus</strong></span> <span class='ocrx_word' id='word_1_208' title='bbox 469 3062 517 3125; x_wconf 88' lang='lat' dir='ltr'><strong>vel</strong></span> <span class='ocrx_word' id='word_1_209' title='bbox 544 3064 698 3144; x_wconf 88' lang='lat' dir='ltr'><strong>perpetuis</strong></span> <span class='ocrx_word' id='word_1_210' title='bbox 730 3065 779 3126; x_wconf 88' lang='lat' dir='ltr'><strong>vel</strong></span> <span class='ocrx_word' id='word_1_211' title='bbox 809 3065 1016 3146; x_wconf 87' lang='lat' dir='ltr'><strong>temporaneis</strong></span> <span class='ocrx_word' id='word_1_212' title='bbox 1047 3065 1222 3146; x_wconf 86' lang='lat' dir='ltr'><strong>dispensati</strong></span> 
     </span>
     <span class='ocr_line' id='line_1_30' title="bbox 255 3159 1226 3244; baseline 0.005 -23"><span class='ocrx_word' id='word_1_213' title='bbox 255 3159 380 3236; x_wconf 84' lang='lat' dir='ltr'><strong>fuerint,</strong></span> <span class='ocrx_word' id='word_1_214' title='bbox 403 3179 439 3222; x_wconf 85' lang='lat' dir='ltr'><strong>er</strong></span> <span class='ocrx_word' id='word_1_215' title='bbox 462 3160 599 3225; x_wconf 84' lang='lat' dir='ltr'><strong>claustro</strong></span> <span class='ocrx_word' id='word_1_216' title='bbox 624 3179 684 3224; x_wconf 93' lang='lat' dir='ltr'><strong>non</strong></span> <span class='ocrx_word' id='word_1_217' title='bbox 708 3163 826 3234; x_wconf 84' lang='lat' dir='ltr'><strong>exeant,</strong></span> <span class='ocrx_word' id='word_1_218' title='bbox 851 3163 947 3225; x_wconf 90' lang='lat' dir='ltr'><strong>donec</strong></span> <span class='ocrx_word' id='word_1_219' title='bbox 970 3163 1155 3244; x_wconf 79' lang='lat' dir='ltr'><strong>Episcopum</strong></span> <span class='ocrx_word' id='word_1_220' title='bbox 1171 3163 1226 3226; x_wconf 78' lang='lat' dir='ltr'><strong>be</strong></span> 
     </span>
     <span class='ocr_line' id='line_1_31' title="bbox 254 3259 1224 3342; baseline 0.002 -20"><span class='ocrx_word' id='word_1_221' title='bbox 254 3259 400 3322; x_wconf 89' lang='lat' dir='ltr'><strong>nevolum</strong></span> <span class='ocrx_word' id='word_1_222' title='bbox 423 3260 610 3340; x_wconf 82' lang='lat' dir='ltr'><strong>receptorem</strong></span> <span class='ocrx_word' id='word_1_223' title='bbox 633 3259 816 3335; x_wconf 87' lang='lat' dir='ltr'><strong>invenerint,</strong></span> <span class='ocrx_word' id='word_1_224' title='bbox 831 3261 862 3323; x_wconf 87' lang='lat' dir='ltr'><strong>et</strong></span> <span class='ocrx_word' id='word_1_225' title='bbox 886 3260 922 3323; x_wconf 90' lang='lat' dir='ltr'><strong>de</strong></span> <span class='ocrx_word' id='word_1_226' title='bbox 946 3261 1152 3325; x_wconf 86' lang='lat' dir='ltr'><strong>ecclesiastico</strong></span> <span class='ocrx_word' id='word_1_227' title='bbox 1169 3280 1224 3342; x_wconf 85' lang='lat' dir='ltr'><strong>pa·</strong></span> 
     </span>
     <span class='ocr_line' id='line_1_32' title="bbox 255 3356 1224 3439; baseline 0.005 -21"><span class='ocrx_word' id='word_1_228' title='bbox 255 3356 401 3420; x_wconf 89' lang='lat' dir='ltr'><strong>trimonio</strong></span> <span class='ocrx_word' id='word_1_229' title='bbox 425 3357 483 3420; x_wconf 88' lang='lat' dir='ltr'><strong>sibi</strong></span> <span class='ocrx_word' id='word_1_230' title='bbox 506 3356 706 3438; x_wconf 89' lang='lat' dir='ltr'><strong>providerint,</strong></span> <span class='ocrx_word' id='word_1_231' title='bbox 731 3376 817 3421; x_wconf 90' lang='lat' dir='ltr'><strong>secus</strong></span> <span class='ocrx_word' id='word_1_232' title='bbox 848 3359 986 3439; x_wconf 91' lang='lat' dir='ltr'><strong>suspensi</strong></span> <span class='ocrx_word' id='word_1_233' title='bbox 1009 3360 1157 3422; x_wconf 88' lang='lat' dir='ltr'><strong>maneant</strong></span> <span class='ocrx_word' id='word_1_234' title='bbox 1181 3359 1224 3423; x_wconf 87' lang='lat' dir='ltr'><strong>ab</strong></span> 
     </span>
     <span class='ocr_line' id='line_1_33' title="bbox 255 3453 1226 3539; baseline 0.004 -21"><span class='ocrx_word' id='word_1_235' title='bbox 255 3455 399 3518; x_wconf 84' lang='lat' dir='ltr'><strong>exercitio</strong></span> <span class='ocrx_word' id='word_1_236' title='bbox 416 3456 627 3536; x_wconf 84' lang='lat' dir='ltr'><strong>susceptorum</strong></span> <span class='ocrx_word' id='word_1_237' title='bbox 639 3453 798 3518; x_wconf 87' lang='lat' dir='ltr'><strong>Ordinum.</strong></span> <span class='ocrx_word' id='word_1_238' title='bbox 812 3454 898 3535; x_wconf 76' lang='lat' dir='ltr'><strong>Quod</strong></span> <span class='ocrx_word' id='word_1_239' title='bbox 915 3456 1084 3539; x_wconf 85' lang='lat' dir='ltr'><strong>porrigitur</strong></span> <span class='ocrx_word' id='word_1_240' title='bbox 1100 3475 1226 3537; x_wconf 88' lang='lat' dir='ltr'><strong>quoque</strong></span> 
     </span>
     <span class='ocr_line' id='line_1_34' title="bbox 255 3552 1228 3636; baseline 0.002 -20"><span class='ocrx_word' id='word_1_241' title='bbox 255 3552 296 3616; x_wconf 87' lang='lat' dir='ltr'><strong>ad</strong></span> <span class='ocrx_word' id='word_1_242' title='bbox 312 3553 452 3616; x_wconf 88' lang='lat' dir='ltr'><strong>alumnos</strong></span> <span class='ocrx_word' id='word_1_243' title='bbox 469 3553 614 3616; x_wconf 86' lang='lat' dir='ltr'><strong>votorum</strong></span> <span class='ocrx_word' id='word_1_244' title='bbox 630 3553 816 3634; x_wconf 88' lang='lat' dir='ltr'><strong>simplicium</strong></span> <span class='ocrx_word' id='word_1_245' title='bbox 833 3555 1061 3636; x_wconf 88' lang='lat' dir='ltr'><strong>temporalium,</strong></span> <span class='ocrx_word' id='word_1_246' title='bbox 1079 3555 1131 3636; x_wconf 91' lang='lat' dir='ltr'><strong>qui</strong></span> <span class='ocrx_word' id='word_1_247' title='bbox 1148 3573 1228 3634; x_wconf 92' lang='lat' dir='ltr'><strong>quo-</strong></span> 
     </span>
    </p>
   </div>
   <div class='ocr_carea' id='block_1_5' title="bbox 0 0 1392 4270">
    <p class='ocr_par' dir='ltr' id='par_1_7' title="bbox 0 0 1392 4270">
     <span class='ocr_line' id='line_1_35' title="bbox 0 0 1392 4270; baseline 0 0"><span class='ocrx_word' id='word_1_248' title='bbox 0 0 1392 4270; x_wconf 95' lang='lat' dir='ltr'><strong> </strong></span> 
     </span>
    </p>
   </div>
  </div>
 </body>
</html>
