2758 4270
262 216 264 220 Ι
317 246 372 301 332
596 251 769 298 wuscurdus
793 251 833 297 DE
857 249 1002 298 PERSONIS

318 465 396 528 quac
419 447 568 532 collegiis,
592 449 716 524 scholis,
754 449 951 514 institutisne
981 447 1133 512 eiusmodi
1163 465 1181 510 a
1211 444 1286 509 Sede
1363 429 1364 446 ἶ

316 543 497 627 Apostolica
528 546 591 610 sint
614 546 745 610 tributa.

363 641 438 704 971.
462 679 505 688 —
529 642 583 706 ΧΙ.
612 668 629 702 e
652 644 688 707 ln
699 644 910 725 quarumlibet
922 642 1127 708 sodalitatum
1144 640 1286 706 domibus

317 735 550 822 votesimplicie
563 741 785 822 profitentium,
803 741 962 824 Episcopis
979 741 1129 820 cuiusque
1141 738 1288 803 dioecesis

307 839 365 904 .ius
378 839 425 901 est
437 837 588 902 invisendi
604 839 730 920 tcmplo,
744 840 890 916 sacraria,
904 839 1041 904 oratorie
1053 837 1188 920 publice,
1202 835 1287 900 sedes

315 933 357 998 ad
377 937 604 999 sacramentum
620 937 837 1019 poenitentiae,
855 935 892 1000 de
915 936 1015 1016 iisque
1039 934 1213 1017 opportune
1229 933 1289 996 sta·

317 1030 433 1106 tuendi,
447 1032 580 1096 iubendi.
603 1071 640 1079 --
657 1035 694 1097 ln
710 1035 961 1117 presbyterorum
979 1031 1146 1106 sodalitiis,
1164 1029 1202 1094 de
1216 1047 1287 1094 con·

316 1129 444 1192 scicntia
468 1148 504 1193 ec
527 1126 700 1213 disciplina,
718 1132 793 1195 item
810 1132 847 1195 de
864 1149 897 1194 re
913 1129 1110 1195 oeconomica
1134 1128 1189 1191 uni
1205 1145 1287 1210 pree

316 1225 397 1290 sides
419 1230 611 1309 cognoscent.
629 1229 663 1291 In
680 1229 964 1294 consociationibus
982 1247 1053 1292 vero
1070 1228 1287 1298 foeminarum,

297 1341 411 1405 aeque
435 1342 471 1387 ec
494 1325 631 1390 virorum
656 1328 709 1408 qni
740 1327 916 1392 sacerdotio
940 1326 1113 1398 abstinent,
1145 1322 1288 1406 Episcopi

275 1441 278 1448 ·
315 1420 376 1483 erIt
398 1421 550 1502 inquirere
576 1443 651 1486 num
682 1424 844 1506 disciplina
876 1424 916 1488 ad
940 1425 1048 1507 legum
1072 1440 1218 1486 normam
1248 1419 1289 1482 ni·
1364 1475 1365 1510 r

249 1527 250 1530 ’
316 1519 400 1599 gent,
424 1538 498 1582 num
522 1519 596 1600 quid
619 1538 695 1583 sene
719 1519 862 1585 doctrina
892 1538 1055 1584 morumve
1079 1517 1220 1601 probitas
1243 1515 1288 1579 de·

316 1613 454 1678 trimenti
465 1617 589 1698 ceperit,
609 1636 683 1680 num
702 1619 809 1681 contre
825 1617 1005 1681 clausuram
1022 1617 1197 1697 peccatum,
1215 1633 1287 1678 num

315 1715 509 1775 sacramenta
533 1732 630 1794 aequa
654 1716 800 1795 steteque
815 1705 990 1796 frequentia
1006 1713 1231 1794 suscipiantur.
1247 1745 1287 1758 -

270 1844 273 1852 ,
316 1806 562 1888 Reprehensione
586 1809 716 1894 dignum
741 1812 767 1875 si
802 1811 876 1893 quid
899 1811 1069 1894 Episcopus
1093 1811 1176 1874 forte
1199 1810 1289 1874 ollon-

316 1903 407 1979 derIt,
431 1925 468 1969 ne
491 1906 650 1971 decernat:
680 1909 763 1972 illico
792 1909 1002 1974 moderatores
1026 1909 1074 1972 uti
1098 1907 1289 1990 prospiciant

317 2006 461 2076 moncet;
487 2004 589 2084 quisi
616 2005 816 2089 neglexerint,
847 2006 913 2088 ipse
937 2025 991 2088 per
1015 2025 1047 2070 se
1070 2006 1229 2070 consulet.
1258 2003 1287 2068 Si

316 2117 396 2178 quae
419 2101 524 2164 tamen
548 2102 676 2166 maioris
704 2104 853 2168 momenti
877 2105 1042 2168 occurrent
1067 2123 1148 2185 quae
1170 2120 1288 2168 morem

315 2213 374 2259 non
398 2198 566 2277 expectent,
591 2198 735 2263 decernat
759 2201 888 2268 stetim:
905 2201 1065 2265 decretum
1090 2219 1164 2264 vero
1189 2200 1230 2264 ad
1246 2217 1287 2262 se·

315 2310 402 2356 crum
427 2291 597 2359 Consilium
622 2285 741 2360 deferet
757 2297 918 2380 Episcopis
941 2317 978 2362 ac
993 2298 1229 2381 Religiosorum
1245 2314 1287 2359 or·
1365 2331 1366 2396 p

316 2388 440 2452 dinibus
455 2393 678 2473 praepositum.
705 2431 738 2440 -
757 2395 939 2478 Episcopus,
952 2397 983 2459 in
997 2397 1182 2460 visitatione
1197 2393 1288 2476 potis·

256 2533 261 2544 .
317 2486 441 2562 simum,
467 2488 595 2564 iuribus,
622 2510 701 2572 quac
717 2510 810 2574 supra
826 2492 972 2570 diximus,
989 2494 1101 2557 utatur
1117 2493 1185 2557 suis
1209 2489 1288 2573 quod
1365 2565 1366 2570 ἵ

315 2584 436 2664 spectat
459 2585 499 2648 ad
530 2587 660 2662 scholas,
685 2588 773 2670 a‘syla
796 2591 980 2671 caeteraque
1003 2591 1182 2654 memorata
1202 2589 1287 2654 insti-

316 2679 398 2742 tute.
415 2717 458 2724 —
476 2681 523 2744 Ad
546 2701 610 2746 rem
628 2703 700 2748 vero
722 2687 951 2750 oeconomicam
977 2687 1059 2768 quod
1083 2687 1213 2752 attinet.
1226 2705 1287 2750 mu·

316 2775 460 2840 liebrium
489 2778 695 2845 sodalitatem
719 2783 856 2864 itemque
880 2785 1017 2849 virorum
1041 2784 1222 2850 sacerdotio
1245 2802 1287 2847 ca·

316 2873 461 2948 rentium,
486 2874 654 2959 Episcopus
678 2899 715 2942 ne
737 2883 902 2970 cognoscat
917 2882 978 2946 nisi
1001 2882 1039 2946 de
1055 2881 1230 2946 fundorum
1251 2881 1289 2943 le·

315 2971 501 3050 getorumvc
525 2972 805 3051 administratione,
823 2997 903 3058 quae
926 2979 1023 3043 sacris
1039 2980 1105 3043 sint
1121 2979 1286 3050 attribute,

317 3065 366 3129 nel
396 3067 457 3131 loci
481 3070 537 3132 aut
553 3069 697 3136 dioecesis
720 3074 830 3138 incolis
853 3076 1008 3140 iuvandis.
1033 3113 1079 3122 -
1101 3077 1164 3140 His
1188 3093 1287 3159 porro.

316 3181 396 3242 qnae
415 3164 564 3229 hactenus
580 3167 739 3247 ediximus,
757 3172 956 3250 sancivimus,
974 3174 1054 3238 nihil
1066 3175 1196 3256 penitus
1208 3174 1287 3238 dero·

314 3261 384 3341 geri
401 3261 547 3326 volumus
559 3263 595 3326 dc
608 3264 810 3332 facultatibus
823 3269 872 3332 vel
884 3271 1071 3354 privilegiis,
1089 3272 1161 3334 tum
1178 3271 1288 3336 Nostro

316 3357 373 3419 eut
396 3358 505 3437 quovis
537 3359 599 3424 elio
631 3360 718 3426 Sedis
747 3364 946 3446 Apostolicae
970 3367 1096 3432 decreto
1129 3369 1287 3442 concessis,

316 3453 383 3516 tum
409 3453 648 3521 immemorabili
671 3467 727 3522 eut
750 3461 903 3525 saeculari
929 3465 1157 3529 consuetudine
1181 3465 1288 3531 contir-

317 3550 421 3624 metis,
447 3551 513 3614 tum
539 3553 634 3616 etiam
657 3574 736 3636 quac
759 3559 791 3620 in
811 3551 948 3624 alicuius
961 3560 1153 3628 Sodalitatis
1169 3563 1288 3647 legibus

320 3663 340 3706 a
363 3645 504 3710 Romano
525 3633 674 3716 Pontifioe
697 3655 876 3734 approbatis
900 3659 1159 3723 contineantur...
1172 3663 1290 3726 contra
