<?xml version="1.0" encoding="UTF-8"?>
<!DOCTYPE html PUBLIC "-//W3C//DTD XHTML 1.0 Transitional//EN"
    "http://www.w3.org/TR/xhtml1/DTD/xhtml1-transitional.dtd">
<html xmlns="http://www.w3.org/1999/xhtml" xml:lang="en" lang="en">
 <head>
  <title>
</title>
<meta http-equiv="Content-Type" content="text/html;charset=utf-8" />
  <meta name='ocr-system' content='tesseract 3.04.00' />
  <meta name='ocr-capabilities' content='ocr_page ocr_carea ocr_par ocr_line ocrx_word'/>
</head>
<body>
  <div class='ocr_page' id='page_1' title='image "./compendiumiuris00tutgoog_0310.png"; bbox 0 0 2758 4270; ppageno 0'>
   <div class='ocr_carea' id='block_1_1' title="bbox 251 270 1064 337">
    <p class='ocr_par' dir='ltr' id='par_1_1' title="bbox 251 270 1064 337">
     <span class='ocr_line' id='line_1_1' title="bbox 251 270 1064 337; baseline 0.014 -19"><span class='ocrx_word' id='word_1_1' title='bbox 251 271 316 318; x_wconf 79' lang='lat' dir='ltr'><strong>csP.</strong></span> <span class='ocrx_word' id='word_1_2' title='bbox 341 273 370 318; x_wconf 76' lang='lat' dir='ltr'><strong>V.</strong></span> <span class='ocrx_word' id='word_1_3' title='bbox 395 271 434 320; x_wconf 80' lang='lat' dir='ltr'><strong>DE</strong></span> <span class='ocrx_word' id='word_1_4' title='bbox 458 270 614 322; x_wconf 75' lang='lat' dir='ltr'><strong>nouacula</strong></span> <span class='ocrx_word' id='word_1_5' title='bbox 638 273 675 320; x_wconf 81' lang='grc' dir='ltr'><strong>ΕΤ</strong></span> <span class='ocrx_word' id='word_1_6' title='bbox 699 273 914 322; x_wconf 69' lang='lat' dir='ltr'><strong>cacumineris</strong></span> <span class='ocrx_word' id='word_1_7' title='bbox 986 327 991 337; x_wconf 72' lang='grc'><em>,</em></span> <span class='ocrx_word' id='word_1_8' title='bbox 1015 271 1064 328; x_wconf 84' lang='lat'><strong>301</strong></span> 
     </span>
    </p>
   </div>
   <div class='ocr_carea' id='block_1_2' title="bbox 94 471 1110 3779">
    <p class='ocr_par' dir='ltr' id='par_1_2' title="bbox 96 471 1069 747">
     <span class='ocr_line' id='line_1_2' title="bbox 96 471 1069 556; baseline 0.003 -22"><span class='ocrx_word' id='word_1_9' title='bbox 96 490 169 536; x_wconf 89' lang='lat' dir='ltr'><strong>eum</strong></span> <span class='ocrx_word' id='word_1_10' title='bbox 194 472 244 535; x_wconf 87' lang='lat' dir='ltr'><strong>vol</strong></span> <span class='ocrx_word' id='word_1_11' title='bbox 266 472 412 554; x_wconf 90' lang='lat' dir='ltr'><strong>primum,</strong></span> <span class='ocrx_word' id='word_1_12' title='bbox 438 474 485 537; x_wconf 86' lang='lat' dir='ltr'><strong>uel</strong></span> <span class='ocrx_word' id='word_1_13' title='bbox 509 473 590 537; x_wconf 87' lang='lat' dir='ltr'><strong>inter</strong></span> <span class='ocrx_word' id='word_1_14' title='bbox 612 474 729 555; x_wconf 90' lang='lat' dir='ltr'><strong>primos</strong></span> <span class='ocrx_word' id='word_1_15' title='bbox 753 471 857 550; x_wconf 86' lang='lat' dir='ltr'><strong>luisse,</strong></span> <span class='ocrx_word' id='word_1_16' title='bbox 881 473 935 555; x_wconf 94' lang='lat' dir='ltr'><strong>qui</strong></span> <span class='ocrx_word' id='word_1_17' title='bbox 957 473 1069 556; x_wconf 86' lang='lat' dir='ltr'><strong>profes·</strong></span> 
     </span>
     <span class='ocr_line' id='line_1_3' title="bbox 97 571 1067 655; baseline 0.003 -21"><span class='ocrx_word' id='word_1_18' title='bbox 97 571 195 635; x_wconf 90' lang='lat' dir='ltr'><strong>sionis</strong></span> <span class='ocrx_word' id='word_1_19' title='bbox 219 571 350 636; x_wconf 90' lang='lat' dir='ltr'><strong>formam</strong></span> <span class='ocrx_word' id='word_1_20' title='bbox 372 571 562 654; x_wconf 90' lang='lat' dir='ltr'><strong>modumque</strong></span> <span class='ocrx_word' id='word_1_21' title='bbox 592 571 790 655; x_wconf 78' lang='lat' dir='ltr'><strong>praescripsit</strong></span> <span class='ocrx_word' id='word_1_22' title='bbox 817 572 993 654; x_wconf 87' lang='lat' dir='ltr'><strong>(Mabillon,</strong></span> <span class='ocrx_word' id='word_1_23' title='bbox 1017 591 1067 655; x_wconf 89' lang='lat' dir='ltr'><strong>ap.</strong></span> 
     </span>
     <span class='ocr_line' id='line_1_4' title="bbox 97 667 239 747; baseline 0.007 -18"><span class='ocrx_word' id='word_1_24' title='bbox 97 667 239 747; x_wconf 84' lang='lat' dir='ltr'><strong>Devoti).</strong></span> 
     </span>
    </p>

    <p class='ocr_par' dir='ltr' id='par_1_3' title="bbox 95 765 1070 1534">
     <span class='ocr_line' id='line_1_5' title="bbox 142 765 1068 850; baseline 0.005 -22"><span class='ocrx_word' id='word_1_25' title='bbox 142 765 220 828; x_wconf 88' lang='lat'>883.</span> <span class='ocrx_word' id='word_1_26' title='bbox 245 803 290 812; x_wconf 91' lang='lat'>-</span> <span class='ocrx_word' id='word_1_27' title='bbox 312 765 353 829; x_wconf 90' lang='lat' dir='ltr'><strong>ll.</strong></span> <span class='ocrx_word' id='word_1_28' title='bbox 377 766 563 831; x_wconf 76' lang='lat' dir='ltr'><strong>Prohibetur</strong></span> <span class='ocrx_word' id='word_1_29' title='bbox 585 785 622 831; x_wconf 93' lang='lat' dir='ltr'><strong>ne</strong></span> <span class='ocrx_word' id='word_1_30' title='bbox 646 765 715 848; x_wconf 90' lang='lat' dir='ltr'><strong>quis</strong></span> <span class='ocrx_word' id='word_1_31' title='bbox 738 766 904 850; x_wconf 83' lang='lat' dir='ltr'><strong>Regularis</strong></span> <span class='ocrx_word' id='word_1_32' title='bbox 927 767 992 832; x_wconf 89' lang='lat' dir='ltr'><strong>sine</strong></span> <span class='ocrx_word' id='word_1_33' title='bbox 1019 768 1068 833; x_wconf 88' lang='lat' dir='ltr'><strong>sui</strong></span> 
     </span>
     <span class='ocr_line' id='line_1_6' title="bbox 96 862 1070 947; baseline 0.002 -19"><span class='ocrx_word' id='word_1_34' title='bbox 96 862 270 946; x_wconf 85' lang='lat' dir='ltr'><strong>Superioris</strong></span> <span class='ocrx_word' id='word_1_35' title='bbox 300 864 426 930; x_wconf 89' lang='lat' dir='ltr'><strong>licentia</strong></span> <span class='ocrx_word' id='word_1_36' title='bbox 460 863 710 947; x_wconf 75' lang='lat' dir='ltr'><strong>praedicationis,</strong></span> <span class='ocrx_word' id='word_1_37' title='bbox 745 866 795 929; x_wconf 84' lang='lat' dir='ltr'><strong>u&#39;el</strong></span> <span class='ocrx_word' id='word_1_38' title='bbox 825 865 976 942; x_wconf 91' lang='lat' dir='ltr'><strong>lectionis,</strong></span> <span class='ocrx_word' id='word_1_39' title='bbox 1012 869 1070 930; x_wconf 87' lang='lat' dir='ltr'><strong>ant</strong></span> 
     </span>
     <span class='ocr_line' id='line_1_7' title="bbox 96 962 1069 1045; baseline 0.002 -20"><span class='ocrx_word' id='word_1_40' title='bbox 96 962 236 1026; x_wconf 90' lang='lat' dir='ltr'><strong>cuiusvis</strong></span> <span class='ocrx_word' id='word_1_41' title='bbox 259 963 302 1044; x_wconf 91' lang='lat' dir='ltr'><strong>pii</strong></span> <span class='ocrx_word' id='word_1_42' title='bbox 325 963 425 1044; x_wconf 90' lang='lat' dir='ltr'><strong>operis</strong></span> <span class='ocrx_word' id='word_1_43' title='bbox 448 964 620 1045; x_wconf 86' lang='lat' dir='ltr'><strong>praetextu,</strong></span> <span class='ocrx_word' id='word_1_44' title='bbox 637 963 783 1026; x_wconf 91' lang='lat' dir='ltr'><strong>subiiciat</strong></span> <span class='ocrx_word' id='word_1_45' title='bbox 798 981 831 1027; x_wconf 92' lang='lat' dir='ltr'><strong>se</strong></span> <span class='ocrx_word' id='word_1_46' title='bbox 848 963 994 1045; x_wconf 90' lang='lat' dir='ltr'><strong>obsequio</strong></span> <span class='ocrx_word' id='word_1_47' title='bbox 1013 965 1069 1029; x_wconf 90' lang='lat' dir='ltr'><strong>ali·</strong></span> 
     </span>
     <span class='ocr_line' id='line_1_8' title="bbox 95 1060 1068 1142; baseline 0.004 -20"><span class='ocrx_word' id='word_1_48' title='bbox 95 1060 186 1124; x_wconf 91' lang='lat' dir='ltr'><strong>cuius</strong></span> <span class='ocrx_word' id='word_1_49' title='bbox 211 1060 353 1141; x_wconf 86' lang='lat' dir='ltr'><strong>praelati,</strong></span> <span class='ocrx_word' id='word_1_50' title='bbox 378 1060 532 1142; x_wconf 88' lang='lat' dir='ltr'><strong>principis,</strong></span> <span class='ocrx_word' id='word_1_51' title='bbox 550 1060 598 1124; x_wconf 84' lang='lat' dir='ltr'><strong>vel</strong></span> <span class='ocrx_word' id='word_1_52' title='bbox 623 1060 848 1138; x_wconf 84' lang='lat' dir='ltr'><strong>universitatis,</strong></span> <span class='ocrx_word' id='word_1_53' title='bbox 866 1061 915 1124; x_wconf 86' lang='lat' dir='ltr'><strong>vel</strong></span> <span class='ocrx_word' id='word_1_54' title='bbox 931 1079 1068 1126; x_wconf 91' lang='lat' dir='ltr'><strong>commu·</strong></span> 
     </span>
     <span class='ocr_line' id='line_1_9' title="bbox 95 1157 1067 1240; baseline 0.004 -20"><span class='ocrx_word' id='word_1_55' title='bbox 95 1157 219 1232; x_wconf 86' lang='lat' dir='ltr'><strong>nitatis,</strong></span> <span class='ocrx_word' id='word_1_56' title='bbox 251 1158 307 1222; x_wconf 91' lang='lat' dir='ltr'><strong>aut</strong></span> <span class='ocrx_word' id='word_1_57' title='bbox 330 1157 458 1222; x_wconf 86' lang='lat' dir='ltr'><strong>alterius</strong></span> <span class='ocrx_word' id='word_1_58' title='bbox 481 1159 701 1240; x_wconf 86' lang='lat' dir='ltr'><strong>cuiuscumque</strong></span> <span class='ocrx_word' id='word_1_59' title='bbox 731 1175 887 1240; x_wconf 83' lang='lat' dir='ltr'><strong>personae,</strong></span> <span class='ocrx_word' id='word_1_60' title='bbox 914 1178 967 1223; x_wconf 91' lang='lat' dir='ltr'><strong>seu</strong></span> <span class='ocrx_word' id='word_1_61' title='bbox 998 1160 1067 1235; x_wconf 90' lang='lat' dir='ltr'><strong>loci,</strong></span> 
     </span>
     <span class='ocr_line' id='line_1_10' title="bbox 95 1254 1069 1340; baseline 0.004 -22"><span class='ocrx_word' id='word_1_62' title='bbox 95 1273 197 1337; x_wconf 90' lang='lat' dir='ltr'><strong>neque</strong></span> <span class='ocrx_word' id='word_1_63' title='bbox 227 1255 255 1318; x_wconf 90' lang='lat' dir='ltr'><strong>ei</strong></span> <span class='ocrx_word' id='word_1_64' title='bbox 285 1254 412 1337; x_wconf 88' lang='lat' dir='ltr'><strong>aliquod</strong></span> <span class='ocrx_word' id='word_1_65' title='bbox 442 1255 651 1340; x_wconf 84' lang='lat' dir='ltr'><strong>privilegium,</strong></span> <span class='ocrx_word' id='word_1_66' title='bbox 675 1256 732 1319; x_wconf 87' lang='lat' dir='ltr'><strong>aut</strong></span> <span class='ocrx_word' id='word_1_67' title='bbox 763 1255 897 1320; x_wconf 84' lang='lat' dir='ltr'><strong>facultas</strong></span> <span class='ocrx_word' id='word_1_68' title='bbox 927 1257 967 1320; x_wconf 92' lang='lat' dir='ltr'><strong>ab</strong></span> <span class='ocrx_word' id='word_1_69' title='bbox 997 1257 1069 1322; x_wconf 91' lang='lat' dir='ltr'><strong>aliis</strong></span> 
     </span>
     <span class='ocr_line' id='line_1_11' title="bbox 95 1351 1070 1436; baseline 0.002 -19"><span class='ocrx_word' id='word_1_70' title='bbox 95 1372 190 1435; x_wconf 87' lang='lat' dir='ltr'><strong>super</strong></span> <span class='ocrx_word' id='word_1_71' title='bbox 213 1353 252 1416; x_wconf 90' lang='lat' dir='ltr'><strong>iis</strong></span> <span class='ocrx_word' id='word_1_72' title='bbox 275 1353 402 1417; x_wconf 87' lang='lat' dir='ltr'><strong>obtenta</strong></span> <span class='ocrx_word' id='word_1_73' title='bbox 426 1353 623 1436; x_wconf 85' lang='lat' dir='ltr'><strong>suffragetur.</strong></span> <span class='ocrx_word' id='word_1_74' title='bbox 648 1351 736 1432; x_wconf 83' lang='lat' dir='ltr'><strong>Quod</strong></span> <span class='ocrx_word' id='word_1_75' title='bbox 768 1353 794 1416; x_wconf 90' lang='lat' dir='ltr'><strong>si</strong></span> <span class='ocrx_word' id='word_1_76' title='bbox 826 1356 933 1418; x_wconf 90' lang='lat' dir='ltr'><strong>contra</strong></span> <span class='ocrx_word' id='word_1_77' title='bbox 963 1353 1070 1420; x_wconf 87' lang='lat' dir='ltr'><strong>iecerit</strong></span> 
     </span>
     <span class='ocr_line' id='line_1_12' title="bbox 95 1449 992 1534; baseline 0 -20"><span class='ocrx_word' id='word_1_78' title='bbox 95 1451 261 1532; x_wconf 89' lang='lat' dir='ltr'><strong>tamquam</strong></span> <span class='ocrx_word' id='word_1_79' title='bbox 284 1450 460 1515; x_wconf 91' lang='lat' dir='ltr'><strong>inobediens</strong></span> <span class='ocrx_word' id='word_1_80' title='bbox 483 1451 614 1514; x_wconf 90' lang='lat' dir='ltr'><strong>arbitrio</strong></span> <span class='ocrx_word' id='word_1_81' title='bbox 638 1449 809 1532; x_wconf 84' lang='lat' dir='ltr'><strong>Superioris</strong></span> <span class='ocrx_word' id='word_1_82' title='bbox 833 1451 992 1534; x_wconf 85' lang='lat' dir='ltr'><strong>puniatur.</strong></span> 
     </span>
    </p>

    <p class='ocr_par' dir='ltr' id='par_1_4' title="bbox 94 1547 1070 2314">
     <span class='ocr_line' id='line_1_13' title="bbox 140 1547 1067 1632; baseline 0.001 -20"><span class='ocrx_word' id='word_1_83' title='bbox 140 1549 219 1612; x_wconf 87' lang='grc'>884.</span> <span class='ocrx_word' id='word_1_84' title='bbox 247 1585 286 1594; x_wconf 91' lang='lat'><em>-</em></span> <span class='ocrx_word' id='word_1_85' title='bbox 311 1547 368 1610; x_wconf 90' lang='lat' dir='ltr'><strong>Ill.</strong></span> <span class='ocrx_word' id='word_1_86' title='bbox 392 1547 457 1612; x_wconf 87' lang='lat' dir='ltr'><strong>Nec</strong></span> <span class='ocrx_word' id='word_1_87' title='bbox 478 1548 552 1612; x_wconf 90' lang='lat' dir='ltr'><strong>licet</strong></span> <span class='ocrx_word' id='word_1_88' title='bbox 575 1547 782 1632; x_wconf 85' lang='lat' dir='ltr'><strong>Regularibus</strong></span> <span class='ocrx_word' id='word_1_89' title='bbox 806 1567 824 1612; x_wconf 92' lang='lat' dir='ltr'><strong>a</strong></span> <span class='ocrx_word' id='word_1_90' title='bbox 849 1549 913 1613; x_wconf 91' lang='lat' dir='ltr'><strong>suis</strong></span> <span class='ocrx_word' id='word_1_91' title='bbox 937 1568 1067 1614; x_wconf 88' lang='lat' dir='ltr'><strong>conven-</strong></span> 
     </span>
     <span class='ocr_line' id='line_1_14' title="bbox 95 1643 1069 1728; baseline 0.003 -19"><span class='ocrx_word' id='word_1_92' title='bbox 95 1645 182 1710; x_wconf 84' lang='lat' dir='ltr'><strong>tibus</strong></span> <span class='ocrx_word' id='word_1_93' title='bbox 214 1645 362 1721; x_wconf 88' lang='lat' dir='ltr'><strong>recedere,</strong></span> <span class='ocrx_word' id='word_1_94' title='bbox 391 1645 486 1710; x_wconf 90' lang='lat' dir='ltr'><strong>etiam</strong></span> <span class='ocrx_word' id='word_1_95' title='bbox 516 1646 680 1727; x_wconf 86' lang='lat' dir='ltr'><strong>praetentu</strong></span> <span class='ocrx_word' id='word_1_96' title='bbox 710 1645 750 1709; x_wconf 88' lang='lat' dir='ltr'><strong>ad</strong></span> <span class='ocrx_word' id='word_1_97' title='bbox 782 1643 959 1728; x_wconf 85' lang='lat' dir='ltr'><strong>Superiores</strong></span> <span class='ocrx_word' id='word_1_98' title='bbox 995 1665 1069 1712; x_wconf 92' lang='lat' dir='ltr'><strong>suos</strong></span> 
     </span>
     <span class='ocr_line' id='line_1_15' title="bbox 95 1743 1069 1825; baseline 0.002 -17"><span class='ocrx_word' id='word_1_99' title='bbox 95 1743 278 1816; x_wconf 88' lang='lat' dir='ltr'><strong>accedendi;</strong></span> <span class='ocrx_word' id='word_1_100' title='bbox 302 1743 361 1808; x_wconf 89' lang='lat' dir='ltr'><strong>nisi</strong></span> <span class='ocrx_word' id='word_1_101' title='bbox 385 1743 425 1807; x_wconf 90' lang='lat' dir='ltr'><strong>ab</strong></span> <span class='ocrx_word' id='word_1_102' title='bbox 447 1744 491 1808; x_wconf 92' lang='lat' dir='ltr'><strong>eis</strong></span> <span class='ocrx_word' id='word_1_103' title='bbox 515 1744 603 1809; x_wconf 89' lang='lat' dir='ltr'><strong>missi</strong></span> <span class='ocrx_word' id='word_1_104' title='bbox 627 1745 684 1808; x_wconf 93' lang='lat' dir='ltr'><strong>aut</strong></span> <span class='ocrx_word' id='word_1_105' title='bbox 713 1743 818 1808; x_wconf 86' lang='lat' dir='ltr'><strong>vocati</strong></span> <span class='ocrx_word' id='word_1_106' title='bbox 851 1743 976 1809; x_wconf 77' lang='lat' dir='ltr'><strong>tuerint.</strong></span> <span class='ocrx_word' id='word_1_107' title='bbox 1008 1744 1069 1825; x_wconf 83' lang='lat' dir='ltr'><strong>Qui</strong></span> 
     </span>
     <span class='ocr_line' id='line_1_16' title="bbox 95 1841 1068 1924; baseline 0.004 -20"><span class='ocrx_word' id='word_1_108' title='bbox 95 1859 168 1906; x_wconf 85' lang='lat' dir='ltr'><strong>vero</strong></span> <span class='ocrx_word' id='word_1_109' title='bbox 195 1842 260 1906; x_wconf 92' lang='lat' dir='ltr'><strong>sine</strong></span> <span class='ocrx_word' id='word_1_110' title='bbox 283 1841 439 1924; x_wconf 87' lang='lat' dir='ltr'><strong>praedicto</strong></span> <span class='ocrx_word' id='word_1_111' title='bbox 463 1841 622 1918; x_wconf 89' lang='lat' dir='ltr'><strong>mandato,</strong></span> <span class='ocrx_word' id='word_1_112' title='bbox 646 1842 678 1906; x_wconf 95' lang='lat' dir='ltr'><strong>in</strong></span> <span class='ocrx_word' id='word_1_113' title='bbox 702 1841 827 1924; x_wconf 90' lang='lat' dir='ltr'><strong>scriptis</strong></span> <span class='ocrx_word' id='word_1_114' title='bbox 859 1843 997 1921; x_wconf 91' lang='lat' dir='ltr'><strong>obtento,</strong></span> <span class='ocrx_word' id='word_1_115' title='bbox 1020 1863 1068 1908; x_wconf 89' lang='lat' dir='ltr'><strong>re-</strong></span> 
     </span>
     <span class='ocr_line' id='line_1_17' title="bbox 94 1937 1070 2021; baseline 0.003 -19"><span class='ocrx_word' id='word_1_116' title='bbox 94 1939 205 2020; x_wconf 91' lang='lat' dir='ltr'><strong>pertus</strong></span> <span class='ocrx_word' id='word_1_117' title='bbox 228 1937 331 2012; x_wconf 86' lang='lat' dir='ltr'><strong>inerit,</strong></span> <span class='ocrx_word' id='word_1_118' title='bbox 356 1938 395 2002; x_wconf 92' lang='lat' dir='ltr'><strong>ab</strong></span> <span class='ocrx_word' id='word_1_119' title='bbox 407 1937 579 2003; x_wconf 87' lang='lat' dir='ltr'><strong>Ordinariis</strong></span> <span class='ocrx_word' id='word_1_120' title='bbox 594 1939 733 2003; x_wconf 88' lang='lat' dir='ltr'><strong>locorum</strong></span> <span class='ocrx_word' id='word_1_121' title='bbox 749 1940 913 2021; x_wconf 68' lang='lat' dir='ltr'><strong>mmquam</strong></span> <span class='ocrx_word' id='word_1_122' title='bbox 930 1940 1070 2006; x_wconf 85' lang='lat' dir='ltr'><strong>desertor</strong></span> 
     </span>
     <span class='ocr_line' id='line_1_18' title="bbox 94 2020 1068 2118; baseline 0.003 -19"><span class='ocrx_word' id='word_1_123' title='bbox 94 2036 142 2099; x_wconf 92' lang='lat' dir='ltr'><strong>sui</strong></span> <span class='ocrx_word' id='word_1_124' title='bbox 167 2035 314 2098; x_wconf 84' lang='lat' dir='ltr'><strong>instituti</strong></span> <span class='ocrx_word' id='word_1_125' title='bbox 330 2035 488 2117; x_wconf 88' lang='lat' dir='ltr'><strong>puniatur.</strong></span> <span class='ocrx_word' id='word_1_126' title='bbox 505 2036 689 2109; x_wconf 79' lang='lat' dir='ltr'><strong>libantem,</strong></span> <span class='ocrx_word' id='word_1_127' title='bbox 706 2036 760 2118; x_wconf 93' lang='lat' dir='ltr'><strong>qui</strong></span> <span class='ocrx_word' id='word_1_128' title='bbox 776 2020 953 2100; x_wconf 81' lang='lat' dir='ltr'><strong>studiorum</strong></span> <span class='ocrx_word' id='word_1_129' title='bbox 975 2056 1068 2102; x_wconf 88' lang='lat' dir='ltr'><strong>causa</strong></span> 
     </span>
     <span class='ocr_line' id='line_1_19' title="bbox 95 2133 1070 2210; baseline 0.001 -12"><span class='ocrx_word' id='word_1_130' title='bbox 95 2134 133 2198; x_wconf 93' lang='lat' dir='ltr'><strong>ad</strong></span> <span class='ocrx_word' id='word_1_131' title='bbox 157 2133 389 2198; x_wconf 84' lang='lat' dir='ltr'><strong>Universitates</strong></span> <span class='ocrx_word' id='word_1_132' title='bbox 412 2134 593 2210; x_wconf 89' lang='lat' dir='ltr'><strong>mittuntur,</strong></span> <span class='ocrx_word' id='word_1_133' title='bbox 607 2135 637 2198; x_wconf 94' lang='lat' dir='ltr'><strong>in</strong></span> <span class='ocrx_word' id='word_1_134' title='bbox 654 2135 857 2198; x_wconf 87' lang='lat' dir='ltr'><strong>conuentibus</strong></span> <span class='ocrx_word' id='word_1_135' title='bbox 874 2135 997 2198; x_wconf 88' lang='lat' dir='ltr'><strong>tantum</strong></span> <span class='ocrx_word' id='word_1_136' title='bbox 1016 2135 1070 2200; x_wconf 92' lang='lat' dir='ltr'><strong>ha-</strong></span> 
     </span>
     <span class='ocr_line' id='line_1_20' title="bbox 94 2231 1067 2314; baseline 0 -18"><span class='ocrx_word' id='word_1_137' title='bbox 94 2233 210 2308; x_wconf 82' lang='lat' dir='ltr'><strong>bibent,</strong></span> <span class='ocrx_word' id='word_1_138' title='bbox 233 2231 368 2312; x_wconf 90' lang='lat' dir='ltr'><strong>alioquin</strong></span> <span class='ocrx_word' id='word_1_139' title='bbox 392 2233 431 2296; x_wconf 87' lang='lat' dir='ltr'><strong>ab</strong></span> <span class='ocrx_word' id='word_1_140' title='bbox 454 2231 626 2296; x_wconf 88' lang='lat' dir='ltr'><strong>Ordinariis</strong></span> <span class='ocrx_word' id='word_1_141' title='bbox 649 2233 759 2296; x_wconf 90' lang='lat' dir='ltr'><strong>contra</strong></span> <span class='ocrx_word' id='word_1_142' title='bbox 786 2250 838 2296; x_wconf 86' lang='lat' dir='ltr'><strong>eos</strong></span> <span class='ocrx_word' id='word_1_143' title='bbox 871 2231 1067 2314; x_wconf 88' lang='lat' dir='ltr'><strong>procedatur.</strong></span> 
     </span>
    </p>

    <p class='ocr_par' dir='ltr' id='par_1_5' title="bbox 95 2328 1070 2905">
     <span class='ocr_line' id='line_1_21' title="bbox 140 2328 1070 2412; baseline 0.001 -18"><span class='ocrx_word' id='word_1_144' title='bbox 140 2330 220 2394; x_wconf 87' lang='lat'><strong>885.</strong></span> <span class='ocrx_word' id='word_1_145' title='bbox 245 2365 287 2376; x_wconf 93' lang='lat'><em>-</em></span> <span class='ocrx_word' id='word_1_146' title='bbox 311 2328 366 2392; x_wconf 89' lang='lat' dir='ltr'><strong>IV.</strong></span> <span class='ocrx_word' id='word_1_147' title='bbox 390 2329 468 2394; x_wconf 83' lang='lat' dir='ltr'><strong>Cum</strong></span> <span class='ocrx_word' id='word_1_148' title='bbox 491 2331 651 2394; x_wconf 91' lang='lat' dir='ltr'><strong>hominum</strong></span> <span class='ocrx_word' id='word_1_149' title='bbox 675 2328 832 2412; x_wconf 82' lang='lat' dir='ltr'><strong>fragilitas</strong></span> <span class='ocrx_word' id='word_1_150' title='bbox 855 2331 945 2394; x_wconf 84' lang='lat' dir='ltr'><strong>tanta</strong></span> <span class='ocrx_word' id='word_1_151' title='bbox 962 2331 1014 2407; x_wconf 90' lang='lat' dir='ltr'><strong>sit,</strong></span> <span class='ocrx_word' id='word_1_152' title='bbox 1032 2332 1070 2394; x_wconf 92' lang='lat' dir='ltr'><strong>ut</strong></span> 
     </span>
     <span class='ocr_line' id='line_1_22' title="bbox 95 2427 1067 2510; baseline 0.002 -18"><span class='ocrx_word' id='word_1_153' title='bbox 95 2428 133 2492; x_wconf 83' lang='lat' dir='ltr'><strong>ab</strong></span> <span class='ocrx_word' id='word_1_154' title='bbox 156 2428 209 2501; x_wconf 89' lang='lat' dir='ltr'><strong>iis,</strong></span> <span class='ocrx_word' id='word_1_155' title='bbox 234 2447 313 2510; x_wconf 88' lang='lat' dir='ltr'><strong>quae</strong></span> <span class='ocrx_word' id='word_1_156' title='bbox 336 2429 508 2492; x_wconf 90' lang='lat' dir='ltr'><strong>constituta</strong></span> <span class='ocrx_word' id='word_1_157' title='bbox 532 2431 606 2492; x_wconf 93' lang='lat' dir='ltr'><strong>sunt</strong></span> <span class='ocrx_word' id='word_1_158' title='bbox 629 2429 741 2492; x_wconf 88' lang='lat' dir='ltr'><strong>sensim</strong></span> <span class='ocrx_word' id='word_1_159' title='bbox 767 2427 921 2504; x_wconf 88' lang='lat' dir='ltr'><strong>recedant,</strong></span> <span class='ocrx_word' id='word_1_160' title='bbox 945 2428 1021 2494; x_wconf 88' lang='lat' dir='ltr'><strong>haec</strong></span> <span class='ocrx_word' id='word_1_161' title='bbox 1036 2429 1067 2493; x_wconf 94' lang='lat' dir='ltr'><strong>in</strong></span> 
     </span>
     <span class='ocr_line' id='line_1_23' title="bbox 96 2525 1068 2611; baseline 0.001 -21"><span class='ocrx_word' id='word_1_162' title='bbox 96 2525 185 2609; x_wconf 86' lang='lat' dir='ltr'><strong>praxi</strong></span> <span class='ocrx_word' id='word_1_163' title='bbox 209 2525 383 2608; x_wconf 84' lang='lat' dir='ltr'><strong>exequenda</strong></span> <span class='ocrx_word' id='word_1_164' title='bbox 407 2527 615 2611; x_wconf 83' lang='lat' dir='ltr'><strong>Regularibus</strong></span> <span class='ocrx_word' id='word_1_165' title='bbox 639 2525 837 2601; x_wconf 87' lang='lat' dir='ltr'><strong>mandantur,</strong></span> <span class='ocrx_word' id='word_1_166' title='bbox 856 2527 893 2590; x_wconf 95' lang='lat' dir='ltr'><strong>ut</strong></span> <span class='ocrx_word' id='word_1_167' title='bbox 912 2527 1013 2591; x_wconf 85' lang='lat' dir='ltr'><strong>fervor</strong></span> <span class='ocrx_word' id='word_1_168' title='bbox 1035 2527 1068 2591; x_wconf 93' lang='lat' dir='ltr'><strong>in</strong></span> 
     </span>
     <span class='ocr_line' id='line_1_24' title="bbox 95 2622 1069 2707; baseline 0.002 -21"><span class='ocrx_word' id='word_1_169' title='bbox 95 2623 235 2707; x_wconf 83' lang='lat' dir='ltr'><strong>regulari</strong></span> <span class='ocrx_word' id='word_1_170' title='bbox 258 2623 420 2705; x_wconf 81' lang='lat' dir='ltr'><strong>disciplina</strong></span> <span class='ocrx_word' id='word_1_171' title='bbox 436 2625 645 2687; x_wconf 86' lang='lat' dir='ltr'><strong>conservetur.</strong></span> <span class='ocrx_word' id='word_1_172' title='bbox 661 2622 777 2688; x_wconf 91' lang='lat' dir='ltr'><strong>Nullus</strong></span> <span class='ocrx_word' id='word_1_173' title='bbox 792 2623 890 2687; x_wconf 87' lang='lat' dir='ltr'><strong>frater</strong></span> <span class='ocrx_word' id='word_1_174' title='bbox 905 2625 1069 2706; x_wconf 84' lang='lat' dir='ltr'><strong>praetextu</strong></span> 
     </span>
     <span class='ocr_line' id='line_1_25' title="bbox 95 2719 1070 2806; baseline 0.001 -22"><span class='ocrx_word' id='word_1_175' title='bbox 95 2720 235 2784; x_wconf 85' lang='lat' dir='ltr'><strong>cuiusvis</strong></span> <span class='ocrx_word' id='word_1_176' title='bbox 251 2719 406 2804; x_wconf 78' lang='lat' dir='ltr'><strong>privilegii</strong></span> <span class='ocrx_word' id='word_1_177' title='bbox 422 2721 576 2784; x_wconf 81' lang='lat' dir='ltr'><strong>eximatur</strong></span> <span class='ocrx_word' id='word_1_178' title='bbox 592 2740 610 2784; x_wconf 90' lang='lat' dir='ltr'><strong>a</strong></span> <span class='ocrx_word' id='word_1_179' title='bbox 626 2721 729 2796; x_wconf 89' lang='lat' dir='ltr'><strong>choro,</strong></span> <span class='ocrx_word' id='word_1_180' title='bbox 747 2739 802 2785; x_wconf 91' lang='lat' dir='ltr'><strong>nec</strong></span> <span class='ocrx_word' id='word_1_181' title='bbox 817 2721 876 2785; x_wconf 87' lang='lat' dir='ltr'><strong>nisi</strong></span> <span class='ocrx_word' id='word_1_182' title='bbox 893 2722 966 2784; x_wconf 87' lang='lat' dir='ltr'><strong>actu</strong></span> <span class='ocrx_word' id='word_1_183' title='bbox 982 2721 1070 2806; x_wconf 83' lang='lat' dir='ltr'><strong>legat</strong></span> 
     </span>
     <span class='ocr_line' id='line_1_26' title="bbox 95 2815 895 2905; baseline -0.003 -21"><span class='ocrx_word' id='word_1_184' title='bbox 95 2820 151 2884; x_wconf 90' lang='lat' dir='ltr'><strong>aut</strong></span> <span class='ocrx_word' id='word_1_185' title='bbox 175 2817 343 2901; x_wconf 89' lang='lat' dir='ltr'><strong>praedicet,</strong></span> <span class='ocrx_word' id='word_1_186' title='bbox 367 2819 477 2882; x_wconf 89' lang='lat' dir='ltr'><strong>utatur</strong></span> <span class='ocrx_word' id='word_1_187' title='bbox 500 2815 672 2903; x_wconf 84' lang='lat' dir='ltr'><strong>privilegiis</strong></span> <span class='ocrx_word' id='word_1_188' title='bbox 696 2819 745 2884; x_wconf 90' lang='lat' dir='ltr'><strong>sui</strong></span> <span class='ocrx_word' id='word_1_189' title='bbox 768 2820 895 2905; x_wconf 73' lang='lat' dir='ltr'><strong>gradus,</strong></span> 
     </span>
    </p>

    <p class='ocr_par' dir='ltr' id='par_1_6' title="bbox 94 2913 1067 3096">
     <span class='ocr_line' id='line_1_27' title="bbox 122 2913 1067 2999; baseline -0.002 -17"><span class='ocrx_word' id='word_1_190' title='bbox 122 2915 220 2982; x_wconf 77' lang='grc'><strong>886.</strong></span> <span class='ocrx_word' id='word_1_191' title='bbox 245 2951 286 2961; x_wconf 94' lang='grc'>-</span> <span class='ocrx_word' id='word_1_192' title='bbox 310 2914 348 2978; x_wconf 85' lang='lat' dir='ltr'><strong>V.</strong></span> <span class='ocrx_word' id='word_1_193' title='bbox 373 2915 478 2979; x_wconf 87' lang='lat' dir='ltr'><strong>Lectio</strong></span> <span class='ocrx_word' id='word_1_194' title='bbox 503 2913 614 2980; x_wconf 89' lang='lat' dir='ltr'><strong>Sacrae</strong></span> <span class='ocrx_word' id='word_1_195' title='bbox 647 2915 834 2999; x_wconf 82' lang='lat' dir='ltr'><strong>Scripturas,</strong></span> <span class='ocrx_word' id='word_1_196' title='bbox 860 2917 909 2980; x_wconf 88' lang='lat' dir='ltr'><strong>vel</strong></span> <span class='ocrx_word' id='word_1_197' title='bbox 938 2934 1067 2980; x_wconf 90' lang='lat' dir='ltr'><strong>casuum</strong></span> 
     </span>
     <span class='ocr_line' id='line_1_28' title="bbox 94 3013 658 3096; baseline -0.002 -19"><span class='ocrx_word' id='word_1_198' title='bbox 94 3013 142 3078; x_wconf 91' lang='lat' dir='ltr'><strong>bis</strong></span> <span class='ocrx_word' id='word_1_199' title='bbox 167 3033 223 3096; x_wconf 88' lang='lat' dir='ltr'><strong>per</strong></span> <span class='ocrx_word' id='word_1_200' title='bbox 245 3013 471 3078; x_wconf 88' lang='lat' dir='ltr'><strong>hebdomadam</strong></span> <span class='ocrx_word' id='word_1_201' title='bbox 494 3013 658 3078; x_wconf 90' lang='lat' dir='ltr'><strong>habeatur.</strong></span> 
     </span>
    </p>

    <p class='ocr_par' dir='ltr' id='par_1_7' title="bbox 96 3109 1110 3566">
     <span class='ocr_line' id='line_1_29' title="bbox 141 3109 1110 3193; baseline -0.001 -18"><span class='ocrx_word' id='word_1_202' title='bbox 141 3109 219 3175; x_wconf 85' lang='lat'>887.</span> <span class='ocrx_word' id='word_1_203' title='bbox 243 3147 288 3156; x_wconf 87' lang='grc'>-</span> <span class='ocrx_word' id='word_1_204' title='bbox 310 3110 365 3174; x_wconf 91' lang='lat' dir='ltr'><strong>Vl.</strong></span> <span class='ocrx_word' id='word_1_205' title='bbox 389 3109 487 3175; x_wconf 89' lang='lat' dir='ltr'><strong>Nemo</strong></span> <span class='ocrx_word' id='word_1_206' title='bbox 509 3111 678 3193; x_wconf 90' lang='lat' dir='ltr'><strong>quidquam</strong></span> <span class='ocrx_word' id='word_1_207' title='bbox 695 3111 810 3193; x_wconf 90' lang='lat' dir='ltr'><strong>proprii</strong></span> <span class='ocrx_word' id='word_1_208' title='bbox 831 3110 964 3186; x_wconf 86' lang='lat' dir='ltr'><strong>habeat;</strong></span> <span class='ocrx_word' id='word_1_209' title='bbox 982 3110 1069 3174; x_wconf 87' lang='lat' dir='ltr'><strong>cibus</strong></span> <span class='ocrx_word' id='word_1_210' title='bbox 1107 3109 1110 3118; x_wconf 85' lang='lat'><em>&#39;</em></span> 
     </span>
     <span class='ocr_line' id='line_1_30' title="bbox 97 3207 1066 3292; baseline 0 -19"><span class='ocrx_word' id='word_1_211' title='bbox 97 3227 193 3292; x_wconf 88' lang='lat' dir='ltr'><strong>aeque</strong></span> <span class='ocrx_word' id='word_1_212' title='bbox 217 3207 375 3283; x_wconf 88' lang='lat' dir='ltr'><strong>omnibus;</strong></span> <span class='ocrx_word' id='word_1_213' title='bbox 400 3209 505 3273; x_wconf 92' lang='lat' dir='ltr'><strong>omnia</strong></span> <span class='ocrx_word' id='word_1_214' title='bbox 528 3209 681 3291; x_wconf 85' lang='lat' dir='ltr'><strong>percepta,</strong></span> <span class='ocrx_word' id='word_1_215' title='bbox 705 3209 737 3272; x_wconf 90' lang='lat' dir='ltr'><strong>et</strong></span> <span class='ocrx_word' id='word_1_216' title='bbox 761 3225 891 3290; x_wconf 83' lang='lat' dir='ltr'><strong>expensa</strong></span> <span class='ocrx_word' id='word_1_217' title='bbox 923 3226 978 3290; x_wconf 90' lang='lat' dir='ltr'><strong>pro</strong></span> <span class='ocrx_word' id='word_1_218' title='bbox 1003 3227 1066 3273; x_wconf 83' lang='lat' dir='ltr'><strong>mo</strong></span> 
     </span>
     <span class='ocr_line' id='line_1_31' title="bbox 96 3304 1069 3388; baseline 0.001 -19"><span class='ocrx_word' id='word_1_219' title='bbox 96 3306 233 3372; x_wconf 80' lang='lat' dir='ltr'><strong>nestorio</strong></span> <span class='ocrx_word' id='word_1_220' title='bbox 247 3305 431 3382; x_wconf 89' lang='lat' dir='ltr'><strong>scribantur,</strong></span> <span class='ocrx_word' id='word_1_221' title='bbox 446 3305 498 3370; x_wconf 89' lang='lat' dir='ltr'><strong>sed</strong></span> <span class='ocrx_word' id='word_1_222' title='bbox 511 3305 616 3370; x_wconf 89' lang='lat' dir='ltr'><strong>nullus</strong></span> <span class='ocrx_word' id='word_1_223' title='bbox 630 3304 774 3388; x_wconf 91' lang='lat' dir='ltr'><strong>Superior</strong></span> <span class='ocrx_word' id='word_1_224' title='bbox 786 3304 955 3369; x_wconf 90' lang='lat' dir='ltr'><strong>conventus</strong></span> <span class='ocrx_word' id='word_1_225' title='bbox 971 3305 1069 3370; x_wconf 92' lang='lat' dir='ltr'><strong>admi-</strong></span> 
     </span>
     <span class='ocr_line' id='line_1_32' title="bbox 97 3400 1069 3486; baseline 0.002 -20"><span class='ocrx_word' id='word_1_226' title='bbox 97 3403 209 3468; x_wconf 89' lang='lat' dir='ltr'><strong>nistret</strong></span> <span class='ocrx_word' id='word_1_227' title='bbox 232 3403 312 3468; x_wconf 92' lang='lat' dir='ltr'><strong>bona</strong></span> <span class='ocrx_word' id='word_1_228' title='bbox 337 3403 527 3479; x_wconf 90' lang='lat' dir='ltr'><strong>monasterii,</strong></span> <span class='ocrx_word' id='word_1_229' title='bbox 552 3421 659 3468; x_wconf 85' lang='lat' dir='ltr'><strong>verum</strong></span> <span class='ocrx_word' id='word_1_230' title='bbox 691 3402 772 3466; x_wconf 89' lang='lat' dir='ltr'><strong>alius</strong></span> <span class='ocrx_word' id='word_1_231' title='bbox 805 3400 902 3466; x_wconf 83' lang='lat' dir='ltr'><strong>frater</strong></span> <span class='ocrx_word' id='word_1_232' title='bbox 932 3401 1069 3486; x_wconf 85' lang='lat' dir='ltr'><strong>eligatur</strong></span> 
     </span>
     <span class='ocr_line' id='line_1_33' title="bbox 97 3501 449 3566; baseline -0.003 -1"><span class='ocrx_word' id='word_1_233' title='bbox 97 3501 128 3565; x_wconf 92' lang='lat' dir='ltr'><strong>in</strong></span> <span class='ocrx_word' id='word_1_234' title='bbox 151 3501 449 3566; x_wconf 88' lang='lat' dir='ltr'><strong>administratorem.</strong></span> 
     </span>
    </p>

    <p class='ocr_par' dir='ltr' id='par_1_8' title="bbox 99 3595 1068 3779">
     <span class='ocr_line' id='line_1_34' title="bbox 143 3595 1068 3680; baseline -0.001 -18"><span class='ocrx_word' id='word_1_235' title='bbox 143 3599 219 3662; x_wconf 89' lang='lat'>888.</span> <span class='ocrx_word' id='word_1_236' title='bbox 236 3632 282 3644; x_wconf 89' lang='lat'><strong>--</strong></span> <span class='ocrx_word' id='word_1_237' title='bbox 297 3595 368 3662; x_wconf 90' lang='lat' dir='ltr'><strong>Vll.</strong></span> <span class='ocrx_word' id='word_1_238' title='bbox 385 3597 499 3662; x_wconf 92' lang='lat' dir='ltr'><strong>Nullus</strong></span> <span class='ocrx_word' id='word_1_239' title='bbox 523 3595 669 3680; x_wconf 89' lang='lat' dir='ltr'><strong>Superior</strong></span> <span class='ocrx_word' id='word_1_240' title='bbox 684 3596 799 3662; x_wconf 89' lang='lat' dir='ltr'><strong>audeat</strong></span> <span class='ocrx_word' id='word_1_241' title='bbox 816 3597 972 3662; x_wconf 88' lang='lat' dir='ltr'><strong>declarare</strong></span> <span class='ocrx_word' id='word_1_242' title='bbox 989 3615 1068 3679; x_wconf 89' lang='lat' dir='ltr'><strong>quae</strong></span> 
     </span>
     <span class='ocr_line' id='line_1_35' title="bbox 99 3693 1033 3779; baseline 0.001 -22"><span class='ocrx_word' id='word_1_243' title='bbox 99 3693 230 3760; x_wconf 90' lang='lat' dir='ltr'><strong>decretis</strong></span> <span class='ocrx_word' id='word_1_244' title='bbox 254 3693 463 3759; x_wconf 77' lang='lat' dir='ltr'><strong>Consiliorum</strong></span> <span class='ocrx_word' id='word_1_245' title='bbox 486 3693 566 3759; x_wconf 89' lang='lat' dir='ltr'><strong>circa</strong></span> <span class='ocrx_word' id='word_1_246' title='bbox 589 3695 761 3779; x_wconf 80' lang='lat' dir='ltr'><strong>Regulares</strong></span> <span class='ocrx_word' id='word_1_247' title='bbox 784 3696 858 3760; x_wconf 91' lang='lat' dir='ltr'><strong>sunt</strong></span> <span class='ocrx_word' id='word_1_248' title='bbox 880 3695 1033 3760; x_wconf 88' lang='lat' dir='ltr'><strong>ordinata.</strong></span> 
     </span>
    </p>
   </div>
   <div class='ocr_carea' id='block_1_3' title="bbox 0 0 1384 4270">
    <p class='ocr_par' dir='ltr' id='par_1_9' title="bbox 0 0 1384 4270">
     <span class='ocr_line' id='line_1_36' title="bbox 0 0 1384 4270; baseline 0 0"><span class='ocrx_word' id='word_1_249' title='bbox 0 0 1384 4270; x_wconf 95' lang='lat' dir='ltr'><strong> </strong></span> 
     </span>
    </p>
   </div>
  </div>
 </body>
</html>
