2812 4268
321 247 374 301 400
622 253 795 300 TRACTATUS
819 255 858 300 ΒΕ
882 253 982 302 REBUS

320 445 410 508 habit
431 445 454 518 t,
479 445 511 508 et
534 445 644 510 domus
675 447 869 512 canonicales
892 448 925 512 et
953 446 1185 522 sodalitiorum,
1211 465 1288 528 quae

318 560 425 606 eorum
449 543 583 607 eeclesiis
610 544 793 608 coniunctae
824 545 914 609 sunt:
947 545 1044 608 turris
1075 546 1286 626 campanaria,

321 659 398 720 quae
421 640 504 704 intra
527 659 636 722 passus
660 641 794 725 triginta
818 643 857 706 ab
875 643 1012 706 Ecclesia
1029 641 1138 706 distat.
1156 642 1287 707 xenodo-

321 737 390 800 chia
413 739 444 800 et
466 739 650 802 coemeteria
673 739 780 802 eodem
804 741 870 803 iure
894 739 1041 803 fruuntur
1064 738 1186 826 (ibid).

368 835 463 898 1217.
488 872 531 882 -
555 836 595 898 ll.
621 835 813 918 Quicumque
837 856 908 900 vero
925 837 1081 901 hominem
1097 836 1130 900 in
1147 837 1287 914 eeclesia,

323 932 370 996 vel
392 933 458 997 eius
481 934 662 998 coemeterio
687 934 886 1010 interfecerit,
911 934 961 998 vel
976 935 1004 997 ei
1027 934 1205 1000 membrum
1221 955 1287 1000 am-

320 1031 486 1111 putaverit,
512 1031 626 1106 sicarii,
652 1031 826 1096 homicidae
858 1033 911 1114 qui
934 1033 1064 1115 egerunt
1080 1032 1287 1113 praemedita-

316 1127 402 1190 tione
425 1128 457 1190 et
480 1127 559 1201 odio,
584 1129 628 1192 rei
645 1128 747 1192 laesae
770 1128 957 1205 maiestatis,
982 1128 1035 1210 qui
1065 1129 1221 1194 violenter
1248 1129 1287 1193 ab

320 1225 446 1288 ecclesia
469 1225 628 1289 abducunt
651 1225 860 1309 confugientes
883 1227 914 1290 in
931 1244 1009 1298 eam,
1026 1225 1147 1290 falsarii
1162 1225 1285 1291 littera·

320 1340 389 1384 rum
412 1321 672 1403 apostolicarum,
698 1323 750 1404 qui
774 1323 912 1386 montem
936 1322 1063 1404 pietatis
1086 1323 1143 1386 aut
1167 1322 1233 1387 alia
1248 1325 1284 1388 si·

320 1418 407 1484 milia
431 1407 685 1484 administrantes
713 1418 784 1484 falsi
808 1421 865 1483 aut
896 1418 972 1482 furti
995 1420 1121 1500 patrato
1145 1420 1283 1495 crimine,

319 1517 365 1580 ita
388 1517 545 1600 scriblicam
569 1537 673 1582 ercam
697 1519 852 1593 minuunt,
870 1519 906 1581 ut
923 1535 1038 1600 poenae
1061 1517 1175 1582 mortis
1199 1509 1285 1602 digni

319 1617 515 1689 censeantur;
539 1615 592 1696 qui
616 1633 726 1680 aureas
749 1615 781 1678 et
800 1616 964 1698 argenteas
979 1615 1118 1678 monetas
1135 1615 1283 1696 privatim

318 1711 447 1786 cudunt,
471 1713 528 1776 aut
543 1712 658 1776 vitiant
674 1713 706 1776 et
722 1713 938 1795 corrumpunt;
955 1712 1008 1793 qui
1024 1711 1157 1776 mentito
1173 1710 1284 1776 Curiae

319 1810 440 1874 nomine
464 1829 528 1893 sese
552 1811 583 1874 in
606 1810 723 1874 alienas
755 1810 863 1890 domos
893 1811 1030 1874 inferunt
1052 1810 1084 1872 ot
1106 1809 1281 1887 intrudunt,

318 1908 412 1988 atque
435 1908 477 1972 ibi
505 1907 630 1990 rapinas
660 1907 779 1972 faciunt
808 1909 839 1970 et
864 1907 1010 1972 ,homines
1035 1907 1207 1984 trucidant,
1228 1909 1284 1972 aut

318 2005 456 2069 membra
480 2005 623 2080 caedunt,
640 2023 729 2070 nsrm
744 2023 871 2070 eranum
884 2023 948 2070 nou
960 2022 1141 2070 cacumen.
1166 2005 1281 2070 Verum

319 2105 440 2184 praeter
461 2103 641 2168 huiusmodi
669 2103 793 2179 scelera,
826 2104 938 2184 quibus
970 2103 1069 2168 omnis
1100 2104 1284 2168 immunitas

318 2201 384 2264 iure
400 2203 548 2286 negatur:
566 2201 729 2266 sicaetera
746 2220 867 2283 quoque
877 2201 992 2284 'gravia
1004 2201 1076 2276 sint,
1094 2201 1144 2264 vel
1160 2201 1284 2284 saepius

319 2297 537 2372 admittantur,
561 2299 747 2362 auctoritate
770 2297 891 2362 Summi
906 2297 1074 2369 Pontifieis,
1099 2297 1149 2362 vel
1173 2297 1281 2362 Sacrae

316 2392 574 2480 ¹Congregationis
604 2396 825 2474 immunitatis,
854 2397 885 2460 in
920 2415 1055 2460 carceres
1081 2396 1281 2462 ecelesiastici

318 2493 427 2558 iudicis
450 2513 485 2558 ex
508 2494 576 2558 loco
608 2495 739 2558 immuni
769 2495 815 2558 rei
847 2494 969 2560 detrudi
1000 2496 1131 2576 possunt
1159 2495 1284 2559 nomine

318 2591 471 2667 ecelesiae,
504 2610 657 2672 causaque
686 2592 824 2673 ipsorum
855 2592 980 2670 cognita
1003 2610 1101 2674 poena
1132 2591 1282 2656 constitui

319 2690 410 2771 paulo
428 2689 551 2772 quidem
568 2691 685 2765 mitior,
702 2691 739 2754 ut
755 2691 893 2754 simulet
908 2691 953 2754 rei
969 2707 1099 2770 poenam
1115 2688 1283 2772 perferant,

319 2791 350 2852 et
374 2789 573 2852 ecclesiastici
596 2787 676 2871 asyli
698 2788 780 2852 ratio
802 2788 965 2854 habeatur.

364 2896 460 2958 1218.
484 2933 529 2942 -
550 2893 648 2959 Nom.
664 2895 689 2956 l.
705 2895 862 2959 Processio
878 2895 909 2958 in
926 2895 1073 2960 honorem
1090 2892 1141 2958 SS.
1160 2895 1280 2960 Eucha-

317 2994 423 3057 ristiae
445 2993 562 3077 gaudet
585 2994 652 3056 iuro
674 2992 775 3076 asyli;
799 2992 843 3056 ibi
867 2992 948 3056 enim
979 2994 1028 3056 ost
1060 2992 1199 3057 Ecclesia
1228 2993 1280 3057 ubi

317 3092 365 3154 est
388 3089 530 3154 Christus
553 3089 650 3154 lesus.

364 3189 460 3250 1219.
484 3223 526 3237 -
550 3187 592 3250 ΙΙ.
617 3187 706 3252 Cone.
731 3187 821 3251 Prov.
846 3186 1028 3264 Parisiense,
1052 3187 1147 3266 1112,
1164 3205 1232 3269 cap.
1249 3188 1278 3250 4.

317 3287 447 3350 statuit:
475 3310 493 3344 ‹<
509 3285 704 3350 Prohibitum
721 3285 812 3350 sitne
826 3285 907 3349 intra
920 3285 1072 3366 templum
1087 3286 1192 3368 ipsum
1208 3303 1278 3349 ven·

317 3383 431 3447 dantur
453 3384 613 3467 imagines,
637 3383 719 3460 libri,
742 3401 870 3448 coronae
905 3381 1131 3464 deprecatoriae
1155 3384 1188 3446 et
1217 3382 1280 3446 alie

317 3479 574 3560 huiuscemodi».
599 3479 728 3546 Constat
742 3481 880 3564 exemplo
897 3478 1023 3545 Christi.
1040 3481 1147 3562 Aliqui
1163 3479 1231 3544 DD.
1248 3479 1278 3544 id

316 3580 519 3661 permittunt:
543 3579 577 3643 at
600 3579 631 3642 in
655 3579 741 3660 praxi
764 3577 991 3644 abstinendum.
