2750 4270
420 268 486 317 CAP.
509 269 529 316 1.
555 269 594 316 DE
620 269 768 316 EPISCOPIS
1027 265 1082 318 225

112 456 309 540 Quapropter
343 478 410 536 vos,
446 459 635 524 venerabiles
670 461 797 534 fratres,
833 459 945 522 iterum
985 461 1080 541 atque

110 558 226 622 iterum
251 577 409 642 rogamus,
426 560 463 622 ut
486 577 547 623 non
571 559 672 624 solum
699 560 729 623 in
746 559 941 622 sacrosancto
965 557 1080 624 Missae

7 645 9 650 ⁸
109 654 277 731 Sacrificio,
295 655 554 738 quemadmodum
570 657 651 720 ritus
667 655 860 738 praescribit,
878 655 929 718 sed
953 656 984 719 in
1008 675 1080 721 cun·

109 753 170 816 ctis
194 753 335 834 precibus
353 754 472 828 vestris,
490 756 522 818 et
545 753 670 836 speciali
695 753 786 816 modo
806 770 908 816 coram
925 753 1080 835 augustis·

109 849 191 913 simo
216 850 417 914 Sacramento
444 851 542 915 nostri
566 850 750 914 memoriam
774 849 907 924 faciatis,
931 852 968 914 ut
990 849 1080 914 nobis

108 949 141 1010 et
158 948 323 1012 animabus
340 947 428 1012 nobis
447 948 621 1013 commissis
638 947 807 1022 attendere,
824 949 856 1010 et
872 948 981 1023 vitam,
999 949 1080 1011 sicut

108 1045 301 1127 Episcopum
324 1045 420 1122 decet,
443 1045 614 1128 transigere
637 1045 802 1128 possimus.
820 1081 861 1090 -
885 1044 934 1108 Ad
958 1045 1080 1127 Episco-

108 1163 187 1225 pum
220 1161 413 1225 quaoumque
447 1143 497 1207 die
527 1145 559 1206 et
588 1143 665 1207 hora
701 1143 866 1224 unicuique
897 1143 1080 1208 necessitate

108 1239 274 1321 compulso
291 1241 378 1322 patet
401 1239 523 1316 aditus;
543 1240 706 1305 Ordinario
724 1258 796 1303 vero
813 1239 920 1303 diebus
937 1241 1090 1305 omnibus·

106 1338 272 1403 ferialibus
295 1339 334 1403 ab
358 1339 434 1403 bora
458 1357 538 1403 nona
563 1341 635 1403 ante
658 1337 818 1401 meridiem
844 1356 941 1418 usque
961 1337 1000 1401 ad
1017 1339 1080 1420 pri-

107 1454 195 1500 mam
221 1435 293 1516 post
315 1435 485 1499 meridiem.
510 1435 645 1499 Monitos
668 1436 792 1516 insuper
815 1434 960 1498 volumus
982 1435 1080 1500 Paro-

107 1533 185 1596 ehos
212 1533 374 1614 praecipue
398 1534 429 1596 et
456 1531 637 1597 Sacerdotes
660 1551 767 1595 curam
796 1532 971 1595 animarum
995 1551 1079 1596 ener-

107 1632 225 1705 eentes,
253 1629 319 1694 Nos
343 1649 388 1706 ea,
416 1649 478 1712 qua
502 1630 598 1706 decet,
622 1629 837 1694 benevolentia
868 1631 901 1692 et
927 1630 1079 1712 prompti-

107 1729 220 1792 tudine
244 1747 295 1792 eos
325 1747 444 1810 semper
474 1729 664 1810 excepturos,
689 1728 811 1808 quoties
840 1745 932 1809 opera
961 1730 1078 1805 nostra,

107 1827 286 1907 nostrisque
321 1826 458 1890 consiliis
491 1825 669 1910 indigeant3
705 1826 801 1889 menti
837 1826 916 1888 eninr
954 1827 1079 1890 nostrae

108 1925 228 2010 iugiter
251 1924 392 1988 inhaeret
417 1923 495 1988 illud
519 1925 556 1988 D.
580 1923 752 2007 Augustini
775 1923 924 1986 effatum:
950 1923 1079 2002 Episco-

103 2027 204 2102 patus
227 2042 339 2085 aomea
362 2027 409 2085 est
430 2021 624 2094 opertanea
647 2020 775 2085 bonoris
790 2046 808 2080 »
829 2023 888 2103 (De
912 2020 1077 2105 cranei).

155 2122 234 2184 650.
248 2155 293 2166 -
308 2118 346 2182 V.
364 2119 450 2184 Idem
471 2118 645 2184 Cardinalis
658 2118 757 2194 Serto,
775 2121 806 2182 in
823 2119 945 2202 Synodo
963 2119 1079 2183 dioece

108 2238 185 2283 sana
203 2217 324 2282 Veneta
340 2218 565 2300 anni1898,p.
582 2217 623 2291 II,
641 2237 707 2298 cap.
726 2219 756 2292 2,
773 2217 955 2300 subiungit:
976 2241 993 2274 e
1010 2215 1078 2296 Quo

6 2371 7 2374 ,
107 2316 211 2398 magis
236 2333 317 2378 nnnc
339 2313 487 2396 temporis
509 2313 722 2396 Episcopalem
739 2313 927 2396 dignitatem
943 2311 1078 2377 mundus

6 2455 7 2458 =
107 2413 242 2496 despicit
253 2431 289 2476 ac
301 2412 476 2496 impugnat,
491 2431 526 2476 eo
539 2412 640 2495 magis
653 2409 843 2485 Sacerdotes,
859 2411 885 2474 si
897 2411 1009 2493 spiritu
1019 2411 1081 2475 Dei

6 2509 7 2554 ἶ
107 2513 259 2597 aguntur,
277 2511 313 2574 ut
336 2527 371 2573 ea
387 2510 501 2574 affectu
524 2529 560 2574 ac
575 2508 771 2574 veneratione
792 2507 951 2572 'afficiatur
970 2527 1078 2572 curare

107 2610 245 2682 debent;
270 2608 376 2691 agitur
406 2608 487 2671 enim
519 2607 556 2671 de
580 2607 734 2691 dignitate
762 2626 850 2688 quae,
875 2609 944 2670 tum
973 2606 1078 2672 ordine

106 2711 175 2771 tum
210 2705 434 2781 iurisdictione,
468 2705 654 2769 sacerdotali
685 2705 853 2780 antecellit,
886 2705 918 2768 et
949 2724 983 2768 er
1016 2723 1077 2786 qua

106 2806 250 2889 uigorem
285 2803 492 2866 ecclesiastica
528 2803 690 2884 disciplina
725 2803 756 2864 et
791 2802 888 2883 ipsius
923 2802 1077 2865 Ecclesiae

6 2889 7 2894 ἵ
106 2901 282 2966 auotoritas
297 2901 414 2963 haurit.
431 2899 544 2964 Omnes
559 2901 658 2983 igitur
674 2899 854 2962 Sacerdotes
871 2898 990 2961 discent
1006 2899 1075 2979 ipsi,

107 3019 142 3064 ao
158 2998 268 3062 fideles
284 2997 341 3062 sibi
358 2999 539 3062 commissos
556 2997 714 3074 edoceant,
731 2997 818 3060 iuxta
838 2996 942 3065 Sancti
959 2997 1076 3080 Ignatii

106 3097 261 3181 Martyris
292 3096 476 3173 doctrinam,
507 3097 693 3178 Episcopum
730 3095 883 3158 bonorare
918 3101 1077 3175 toneqoom

6 3243 7 3246 ,
106 3197 140 3259 io
168 3215 307 3276 persono
335 3192 456 3258 Christi
484 3194 683 3268 incedentem,
709 3197 739 3256 et
768 3192 820 3255 itti
850 3191 1020 3254 adhaerere
1042 3197 1078 3255 ot

105 3291 254 3356 Ecclesia
281 3289 407 3356 Christo
431 3293 500 3375 (Ep.
518 3291 557 3356 ad
582 3291 729 3374 Smyrn.).
743 3326 786 3336 -
802 3289 886 3354 Neve
910 3291 1075 3372 quisquam

107 3390 315 3454 obliviscatur
345 3389 526 3471 obsequium
557 3389 757 3452 Patriarchae
786 3386 967 3472 [Episcopo]
992 3388 1076 3452 exhi·
1110 3444 1112 3449 .

107 3487 244 3551 bendum
268 3505 326 3551 non
343 3489 502 3552 externum
519 3488 643 3550 tantum
660 3505 725 3550 esse
741 3485 859 3562 debere,
876 3484 929 3549 sed
946 3485 1077 3552 interius

6 3625 7 3630 κ
108 3603 233 3667 quoque
256 3587 287 3648 et
310 3604 345 3649 ex
369 3586 473 3649 animo
497 3584 729 3667 praestandum.
754 3582 947 3666 Quapropter
971 3582 1077 3648 Sacer·

108 3682 198 3748 dotes
218 3701 277 3746 non
294 3683 395 3747 solum
420 3683 543 3747 studere
559 3684 596 3746 ut
612 3682 702 3746 illum
726 3683 786 3764 ipsi
808 3681 960 3746 honorent
979 3683 1077 3764 utque

163 3825 189 3866 15
205 3847 229 3857 -
244 3825 309 3866 rura
326 3825 383 3868 aaa.
