2818 4276
274 251 693 299 cnP.111.bn1taLlT1‹ln'lssus
710 251 792 297 ECCL.
810 251 873 300 CUM
890 253 953 300 SOC·
970 257 1029 306 clv.
1092 254 1142 310 103

170 467 253 526 nem,
278 467 357 530 quae
380 451 518 513 monstra
542 449 722 530 opinionum
747 450 805 531 ipsi
830 469 951 533 quoque
974 453 1059 518 civili
1085 455 1142 518 rei-

170 547 314 630 publicae
329 546 462 610 maxime
478 547 647 628 perniciosa
663 565 728 611 esse
740 547 830 612 docet
842 545 957 626 Cicero,
971 549 1021 614 Dc
1035 555 1140 614 notzer.

169 647 256 710 deor.
280 645 334 708 lib.
358 646 384 708 Ι.
409 645 559 726 (Devoti).

217 743 294 806 328.
318 779 362 788 -
385 742 443 806 llI.
472 740 642 806 Oatlmtiois
664 747 781 806 certum
804 744 965 826 fixumque
989 751 1044 820 est,
1071 745 1142 810 tole·

168 839 291 903 rondes
313 859 376 902 uon
400 858 465 902 esse
489 836 626 902 bouvines
649 859 670 900 a
693 838 844 903 catholico
864 843 993 904 veritate
1009 842 1140 918 alienos,

168 956 285 1018 eosque
308 938 428 1000 meritis
452 954 572 1018 qnoque
596 937 701 1018 poenis
724 956 789 1000 esse
824 939 1014 1014 coercendos,
1047 942 1141 1022 atque

167 1033 202 1098 id
226 1033 291 1097 late
314 1033 528 1098 demonstrant
544 1032 717 1108 Snaredus,
735 1033 772 1098 de
787 1033 857 1110 tide,
871 1053 944 1100 sess.
958 1035 989 1110 3,
1007 1037 1083 1118 disp.
1098 1037 1141 1100 20

168 1150 226 1214 per
249 1132 263 1194 t
283 1133 306 1195 t.
331 1132 363 1194 et
386 1130 603 1206 Bellarminus,
627 1130 664 1194 de
688 1131 785 1208 laicis,
810 1132 864 1195 lib.
890 1133 921 1204 3.
946 1152 1012 1216 cap.
1039 1135 1077 1198 21
1109 1135 1142 1198 et

169 1229 214 1292 22
241 1227 321 1310 (ib).
345 1226 447 1292 Nota:
467 1228 502 1290 1⁰
519 1226 550 1291 Si
567 1229 637 1308 quis
653 1229 783 1309 quaerat
799 1249 854 1292 cur
870 1249 976 1310 pacem
996 1230 1141 1296 nolumus

167 1327 202 1390 in
228 1326 319 1389 rebus
342 1325 413 1389 fidei
435 1344 506 1388 cum
530 1326 622 1388 sectis
645 1325 840 1402 adversariis,
864 1325 985 1390 facilem
1010 1327 1038 1390 ei
1054 1327 1141 1392 dabi-

168 1443 243 1488 mus
266 1423 491 1504 responsionem
516 1422 579 1487 illis
603 1423 698 1487 Tullii
725 1423 823 1488 verbis
847 1425 888 1505 (si
915 1425 990 1506 ipsis
1021 1425 1078 1488 hac
1108 1425 1140 1489 in

168 1540 203 1584 re
229 1520 278 1584 uti
300 1520 424 1602 liceat):
453 1516 518 1582 Cor
535 1539 645 1599 pacem
669 1519 843 1584 nolumus?
867 1522 942 1600 quio
968 1522 1139 1600 tropicam,

168 1619 249 1698 quio
269 1616 445 1696 periculoso
468 1621 536 1692 est;
560 1618 636 1696 quio
659 1637 803 1681 essenon
826 1622 938 1698 potest.
956 1617 1089 1702 Philipp.
1108 1620 1139 1681 2.

168 1713 393 1798 (Scavini-Del
406 1713 548 1788 Vecchio‚
567 1713 672 1778 Tbeot.
690 1714 776 1778 Mor.
793 1715 848 1778 IV.
865 1736 895 1778 n.
914 1717 1003 1798 156).
1021 1717 1056 1780 2⁰
1068 1716 1141 1780 Hie·

168 1831 329 1894 ronymns,
354 1831 424 1875 cum
448 1829 504 1876 suo
529 1814 666 1892 tempore
689 1811 720 1875 in
745 1813 808 1876 tres
836 1814 939 1894 partes
975 1813 1140 1878 schismate

168 1911 269 1974 scissa
280 1911 361 1973 esset
372 1909 518 1984 Ecclesia,
531 1911 639 1972 narrat
651 1928 682 1973 se
695 1911 835 1974 tenacem
848 1911 1007 1992 propositi,
1017 1909 1140 1992 quando

164 2008 287 2089 aliquis
309 2026 415 2088 rapere
439 2008 541 2089 ipsum
562 2006 602 2072 ad
618 2026 650 2072 se
666 2006 834 2083 nitebatur,
851 2010 1029 2072 constanter
1044 2008 1141 2072 excla-

162 2123 295 2170 masse:
321 2104 451 2185 Siquis
474 2103 636 2168 cathedrae
660 2103 755 2169 Petri
784 2105 938 2186 scopitur,
967 2125 1054 2170 meus
1085 2111 1139 2169 est.

163 2202 266 2286 (lbid.
291 2202 332 2278 Π,
358 2202 446 2285 857).

220 2301 295 2364 329.
319 2336 363 2346 -
386 2300 441 2363 lV.
469 2325 487 2358 ‹
512 2298 590 2364 Sunt
613 2299 673 2364 duo
696 2300 769 2364 libri
792 2301 853 2364 mei
876 2301 983 2365 eontra
1018 2303 1140 2383 partem

163 2399 298 2474 Donati,
321 2399 353 2462 in
377 2417 508 2480 quornm
532 2399 630 2480 primo
654 2397 725 2472 dixi,
750 2417 809 2462 non
834 2399 911 2462 mihi
934 2399 1064 2482 placere,
1092 2399 1140 2463 ul-

162 2500 235 2562 lius
258 2497 424 2561 saecularis
447 2497 612 2579 potestatis
635 2497 754 2578 impetu
770 2497 984 2562 schismaticos
1001 2498 1039 2562 ad
1056 2516 1141 2562 com-

162 2595 351 2660 munionem
375 2594 526 2660 uiolenter
548 2595 673 2658 arctari.
698 2595 739 2657 llt
762 2613 832 2659 vere
863 2597 937 2659 tuuc
968 2595 1044 2660 mihi
1078 2615 1140 2661 non

162 2689 326 2776 placebat,
351 2691 497 2772 quoniam
520 2691 657 2755 nondum
681 2691 824 2774 expertus
847 2711 942 2768 eram,
966 2692 1015 2756 vel
1046 2710 1140 2774 quan-

163 2793 242 2854 tum
265 2788 341 2852 mali
364 2807 472 2853 eorum
495 2787 624 2852 auderet
646 2788 826 2870 impunitas,
851 2790 900 2854 vel
924 2791 1076 2871 quantum
1096 2790 1141 2854 eis

163 2889 204 2952 in
229 2885 340 2949 melius
366 2885 525 2950 mutandis
555 2884 693 2950 conferre
723 2887 827 2968 potest
858 2886 1019 2970 diligentia
1052 2886 1141 2950 disci·

163 2983 275 3069 pljnae
290 3007 322 3046 ».
339 2983 383 3065 (S.
399 2985 481 3067 Aug.
498 2983 637 3048 Retraot.
657 2985 709 3059 12,
726 3003 751 3048 a.
769 2985 814 3066 5).

218 3081 294 3145 330.
319 3117 361 3128 -
386 3081 424 3144 V.
449 3081 756 3146 lunrnnnnnuusuus
778 3097 885 3146 crvrnns
900 3081 935 3144 in
947 3083 1047 3161 proni
1062 3081 1139 3145 nihil

164 3179 259 3246 alind
282 3181 330 3244 est
352 3198 446 3262 quam
470 3179 625 3244 occultum
651 3179 816 3260 impiorum
840 3177 1014 3255 eonsilium,
1036 3181 1072 3243 ut
1096 3179 1141 3242 in-

164 3277 428 3342 differentismnm
450 3276 662 3360 theologicum
679 3294 733 3340 seu
749 3276 929 3360 religiosum
946 3275 1139 3352 confirment,

164 3377 205 3442 et
227 3394 333 3439 veram
356 3375 538 3459 religionem
562 3375 745 3438 subvertant
768 3374 794 3438 si
817 3373 884 3438 fieri
907 3373 1015 3456 possit.

217 3472 293 3537 331.
323 3509 357 3519 --
385 3471 445 3536 Leo
469 3471 540 3548 XII,
557 3472 631 3536 Ena.
653 3469 716 3536 Udi
725 3471 876 3551 primum,
894 3471 1029 3536 ostendit
1045 3489 1139 3553 quam

162 3570 260 3638 facile
284 3570 556 3635 indifferentismus
580 3569 743 3654 religiosus
767 3571 966 3634 convertatur
1000 3570 1032 3634 in
1062 3569 1140 3633 deec-

163 3687 266 3746 mum,
290 3668 354 3732 imo
377 3667 410 3731 in
433 3665 618 3732 uttenburam
641 3685 677 3731 ac
700 3665 971 3731 materialismum.
999 3666 1141 3732 Pontifex
1237 3677 1243 3690 '
