<?xml version="1.0" encoding="UTF-8"?>
<!DOCTYPE html PUBLIC "-//W3C//DTD XHTML 1.0 Transitional//EN"
    "http://www.w3.org/TR/xhtml1/DTD/xhtml1-transitional.dtd">
<html xmlns="http://www.w3.org/1999/xhtml" xml:lang="en" lang="en">
 <head>
  <title>
</title>
<meta http-equiv="Content-Type" content="text/html;charset=utf-8" />
  <meta name='ocr-system' content='tesseract 3.04.00' />
  <meta name='ocr-capabilities' content='ocr_page ocr_carea ocr_par ocr_line ocrx_word'/>
</head>
<body>
  <div class='ocr_page' id='page_1' title='image "./compendiumiuris00tutgoog_0148.png"; bbox 0 0 2818 4276; ppageno 0'>
   <div class='ocr_carea' id='block_1_1' title="bbox 389 235 1131 288">
    <p class='ocr_par' dir='ltr' id='par_1_1' title="bbox 389 235 1131 288">
     <span class='ocr_line' id='line_1_1' title="bbox 389 235 1131 288; baseline 0.007 -5"><span class='ocrx_word' id='word_1_1' title='bbox 389 237 453 284; x_wconf 75' lang='lat' dir='ltr'>CAP.</span> <span class='ocrx_word' id='word_1_2' title='bbox 477 237 498 283; x_wconf 90' lang='lat'>1.</span> <span class='ocrx_word' id='word_1_3' title='bbox 523 238 562 284; x_wconf 84' lang='lat' dir='ltr'>DE</span> <span class='ocrx_word' id='word_1_4' title='bbox 587 238 715 284; x_wconf 77' lang='lat' dir='ltr'>ROllANO</span> <span class='ocrx_word' id='word_1_5' title='bbox 739 237 897 284; x_wconf 75' lang='lat' dir='ltr'>Poaulslcu</span> <span class='ocrx_word' id='word_1_6' title='bbox 1080 235 1131 288; x_wconf 85' lang='lat'>139</span> 
     </span>
    </p>
   </div>
   <div class='ocr_carea' id='block_1_2' title="bbox 154 437 1132 1108">
    <p class='ocr_par' dir='ltr' id='par_1_2' title="bbox 154 437 1132 1108">
     <span class='ocr_line' id='line_1_2' title="bbox 157 437 1129 522; baseline -0.002 -20"><span class='ocrx_word' id='word_1_7' title='bbox 157 439 260 502; x_wconf 90' lang='lat' dir='ltr'>debet.</span> <span class='ocrx_word' id='word_1_8' title='bbox 284 439 367 522; x_wconf 78' lang='lat' dir='ltr'>Ergo</span> <span class='ocrx_word' id='word_1_9' title='bbox 384 440 515 502; x_wconf 87' lang='lat' dir='ltr'>annatas</span> <span class='ocrx_word' id='word_1_10' title='bbox 535 437 650 520; x_wconf 80' lang='lat' dir='ltr'>absque</span> <span class='ocrx_word' id='word_1_11' title='bbox 676 439 738 502; x_wconf 90' lang='lat' dir='ltr'>ullo</span> <span class='ocrx_word' id='word_1_12' title='bbox 757 439 832 502; x_wconf 86' lang='lat' dir='ltr'>vitio</span> <span class='ocrx_word' id='word_1_13' title='bbox 857 437 989 520; x_wconf 83' lang='lat' dir='ltr'>recipere</span> <span class='ocrx_word' id='word_1_14' title='bbox 1013 439 1129 518; x_wconf 88' lang='lat' dir='ltr'>potest,</span> 
     </span>
     <span class='ocr_line' id='line_1_3' title="bbox 157 533 1130 618; baseline 0 -20"><span class='ocrx_word' id='word_1_15' title='bbox 157 555 275 617; x_wconf 83' lang='lat' dir='ltr'>easque</span> <span class='ocrx_word' id='word_1_16' title='bbox 297 537 346 618; x_wconf 91' lang='lat' dir='ltr'>pie</span> <span class='ocrx_word' id='word_1_17' title='bbox 370 555 406 600; x_wconf 87' lang='lat' dir='ltr'>ac</span> <span class='ocrx_word' id='word_1_18' title='bbox 428 535 657 600; x_wconf 76' lang='lat' dir='ltr'>rationabiliter</span> <span class='ocrx_word' id='word_1_19' title='bbox 680 537 842 600; x_wconf 85' lang='lat' dir='ltr'>conferunt</span> <span class='ocrx_word' id='word_1_20' title='bbox 865 533 1027 598; x_wconf 88' lang='lat' dir='ltr'>Praesules</span> <span class='ocrx_word' id='word_1_21' title='bbox 1051 534 1130 598; x_wconf 91' lang='lat' dir='ltr'>desi-</span> 
     </span>
     <span class='ocr_line' id='line_1_4' title="bbox 157 633 1129 716; baseline 0 -20"><span class='ocrx_word' id='word_1_22' title='bbox 157 635 285 716; x_wconf 81' lang='lat' dir='ltr'>gnati»</span> <span class='ocrx_word' id='word_1_23' title='bbox 313 633 483 714; x_wconf 67' lang='lat' dir='ltr'>(Toumel,</span> <span class='ocrx_word' id='word_1_24' title='bbox 507 634 545 696; x_wconf 77' lang='lat' dir='ltr'>cte</span> <span class='ocrx_word' id='word_1_25' title='bbox 569 633 623 696; x_wconf 88' lang='lat' dir='ltr'>loc.</span> <span class='ocrx_word' id='word_1_26' title='bbox 642 633 772 716; x_wconf 57' lang='lat' dir='ltr'>Theoi).</span> <span class='ocrx_word' id='word_1_27' title='bbox 789 669 831 680; x_wconf 84' lang='lat'>--</span> <span class='ocrx_word' id='word_1_28' title='bbox 856 633 915 696; x_wconf 92' lang='lat' dir='ltr'>Ill.</span> <span class='ocrx_word' id='word_1_29' title='bbox 936 659 952 690; x_wconf 85' lang='lat'><strong>«</strong></span> <span class='ocrx_word' id='word_1_30' title='bbox 970 635 1129 708; x_wconf 77' lang='lat' dir='ltr'>Doctores</span> 
     </span>
     <span class='ocr_line' id='line_1_5' title="bbox 156 729 1131 812; baseline 0 -18"><span class='ocrx_word' id='word_1_31' title='bbox 156 731 315 812; x_wconf 77' lang='lat' dir='ltr'>Episcopi,</span> <span class='ocrx_word' id='word_1_32' title='bbox 340 729 503 794; x_wconf 87' lang='lat' dir='ltr'>Pontifices</span> <span class='ocrx_word' id='word_1_33' title='bbox 527 729 666 804; x_wconf 81' lang='lat' dir='ltr'>Maximi,</span> <span class='ocrx_word' id='word_1_34' title='bbox 692 730 828 794; x_wconf 78' lang='lat' dir='ltr'>Ecclesia</span> <span class='ocrx_word' id='word_1_35' title='bbox 859 750 912 812; x_wconf 88' lang='lat' dir='ltr'>per</span> <span class='ocrx_word' id='word_1_36' title='bbox 943 731 1048 794; x_wconf 89' lang='lat' dir='ltr'>orbem</span> <span class='ocrx_word' id='word_1_37' title='bbox 1071 730 1131 794; x_wconf 87' lang='lat' dir='ltr'>dif-</span> 
     </span>
     <span class='ocr_line' id='line_1_6' title="bbox 157 828 1132 912; baseline -0.001 -20"><span class='ocrx_word' id='word_1_38' title='bbox 157 830 240 904; x_wconf 82' lang='lat' dir='ltr'>fusa,</span> <span class='ocrx_word' id='word_1_39' title='bbox 257 831 389 892; x_wconf 88' lang='lat' dir='ltr'>annatas</span> <span class='ocrx_word' id='word_1_40' title='bbox 412 829 626 892; x_wconf 79' lang='lat' dir='ltr'>subventionis</span> <span class='ocrx_word' id='word_1_41' title='bbox 650 828 744 892; x_wconf 89' lang='lat' dir='ltr'>titulo</span> <span class='ocrx_word' id='word_1_42' title='bbox 768 829 860 912; x_wconf 88' lang='lat' dir='ltr'>exigi,</span> <span class='ocrx_word' id='word_1_43' title='bbox 882 829 1021 910; x_wconf 85' lang='lat' dir='ltr'>solvique</span> <span class='ocrx_word' id='word_1_44' title='bbox 1043 845 1132 910; x_wconf 88' lang='lat' dir='ltr'>possa</span> 
     </span>
     <span class='ocr_line' id='line_1_7' title="bbox 155 925 1131 1011; baseline -0.001 -23"><span class='ocrx_word' id='word_1_45' title='bbox 155 928 344 1011; x_wconf 84' lang='lat' dir='ltr'>agnoscunt,</span> <span class='ocrx_word' id='word_1_46' title='bbox 363 927 510 1002; x_wconf 83' lang='lat' dir='ltr'>sentiunt,</span> <span class='ocrx_word' id='word_1_47' title='bbox 527 927 676 992; x_wconf 86' lang='lat' dir='ltr'>iudicant.</span> <span class='ocrx_word' id='word_1_48' title='bbox 694 927 759 989; x_wconf 87' lang='lat' dir='ltr'>sive</span> <span class='ocrx_word' id='word_1_49' title='bbox 782 929 865 1001; x_wconf 89' lang='lat' dir='ltr'>ante,</span> <span class='ocrx_word' id='word_1_50' title='bbox 883 925 948 990; x_wconf 90' lang='lat' dir='ltr'>sive</span> <span class='ocrx_word' id='word_1_51' title='bbox 971 927 1042 1008; x_wconf 88' lang='lat' dir='ltr'>post</span> <span class='ocrx_word' id='word_1_52' title='bbox 1058 925 1131 988; x_wconf 92' lang='lat' dir='ltr'>Bul·</span> 
     </span>
     <span class='ocr_line' id='line_1_8' title="bbox 154 1023 1131 1108; baseline 0 -20"><span class='ocrx_word' id='word_1_53' title='bbox 154 1026 265 1088; x_wconf 91' lang='lat' dir='ltr'>larum</span> <span class='ocrx_word' id='word_1_54' title='bbox 287 1025 513 1088; x_wconf 88' lang='lat' dir='ltr'>concessionem</span> <span class='ocrx_word' id='word_1_55' title='bbox 541 1025 716 1108; x_wconf 84' lang='lat' dir='ltr'>exigantur.</span> <span class='ocrx_word' id='word_1_56' title='bbox 741 1023 865 1088; x_wconf 83' lang='lat' dir='ltr'>Horum&#39;</span> <span class='ocrx_word' id='word_1_57' title='bbox 885 1025 992 1105; x_wconf 90' lang='lat' dir='ltr'>itaque</span> <span class='ocrx_word' id='word_1_58' title='bbox 1015 1023 1131 1088; x_wconf 87' lang='lat' dir='ltr'>indicio</span> 
     </span>
    </p>
   </div>
   <div class='ocr_carea' id='block_1_3' title="bbox 154 1121 1135 3643">
    <p class='ocr_par' dir='ltr' id='par_1_3' title="bbox 155 1121 1126 1302">
     <span class='ocr_line' id='line_1_9' title="bbox 155 1121 1126 1202; baseline -0.001 -17"><span class='ocrx_word' id='word_1_59' title='bbox 155 1122 309 1186; x_wconf 88' lang='lat' dir='ltr'>standum</span> <span class='ocrx_word' id='word_1_60' title='bbox 333 1123 390 1197; x_wconf 88' lang='lat' dir='ltr'>est,</span> <span class='ocrx_word' id='word_1_61' title='bbox 408 1122 510 1202; x_wconf 90' lang='lat' dir='ltr'>quoad</span> <span class='ocrx_word' id='word_1_62' title='bbox 533 1122 610 1185; x_wconf 89' lang='lat' dir='ltr'>iuris</span> <span class='ocrx_word' id='word_1_63' title='bbox 634 1122 847 1202; x_wconf 88' lang='lat' dir='ltr'>quaestionem</span> <span class='ocrx_word' id='word_1_64' title='bbox 871 1121 902 1184; x_wconf 91' lang='lat' dir='ltr'>in</span> <span class='ocrx_word' id='word_1_65' title='bbox 919 1123 976 1185; x_wconf 92' lang='lat' dir='ltr'>bac</span> <span class='ocrx_word' id='word_1_66' title='bbox 999 1139 1093 1184; x_wconf 78' lang='lat' dir='ltr'>caiisa</span> <span class='ocrx_word' id='word_1_67' title='bbox 1111 1147 1126 1176; x_wconf 84' lang='lat'><strong>»</strong></span> 
     </span>
     <span class='ocr_line' id='line_1_10' title="bbox 155 1217 764 1302; baseline -0.002 -20"><span class='ocrx_word' id='word_1_68' title='bbox 155 1219 316 1301; x_wconf 80' lang='lat' dir='ltr'>(Bartbel.</span> <span class='ocrx_word' id='word_1_69' title='bbox 334 1255 376 1264; x_wconf 88' lang='lat'>-</span> <span class='ocrx_word' id='word_1_70' title='bbox 394 1219 455 1285; x_wconf 81' lang='lat' dir='ltr'>Cir.</span> <span class='ocrx_word' id='word_1_71' title='bbox 472 1217 589 1302; x_wconf 88' lang='lat' dir='ltr'>Soglla,</span> <span class='ocrx_word' id='word_1_72' title='bbox 607 1217 764 1302; x_wconf 68' lang='lat' dir='ltr'>Ferrarii:</span> 
     </span>
    </p>

    <p class='ocr_par' dir='ltr' id='par_1_4' title="bbox 154 1315 1135 2467">
     <span class='ocr_line' id='line_1_11' title="bbox 206 1315 1132 1398; baseline -0.001 -20"><span class='ocrx_word' id='word_1_73' title='bbox 206 1317 282 1378; x_wconf 81' lang='grc'><strong>423.</strong></span> <span class='ocrx_word' id='word_1_74' title='bbox 296 1352 338 1362; x_wconf 78' lang='lat'><em>-</em></span> <span class='ocrx_word' id='word_1_75' title='bbox 353 1318 403 1381; x_wconf 85' lang='lat' dir='ltr'>lus</span> <span class='ocrx_word' id='word_1_76' title='bbox 428 1317 567 1382; x_wconf 82' lang='lat' dir='ltr'>mittendi</span> <span class='ocrx_word' id='word_1_77' title='bbox 593 1317 716 1398; x_wconf 81' lang='lat' dir='ltr'>leqalos</span> <span class='ocrx_word' id='word_1_78' title='bbox 736 1333 793 1382; x_wconf 82' lang='lat' dir='ltr'>aen</span> <span class='ocrx_word' id='word_1_79' title='bbox 813 1317 950 1382; x_wconf 80' lang='lat' dir='ltr'>nuntios.</span> <span class='ocrx_word' id='word_1_80' title='bbox 966 1353 1005 1362; x_wconf 87' lang='lat'>-·</span> <span class='ocrx_word' id='word_1_81' title='bbox 1022 1315 1132 1378; x_wconf 70' lang='lat' dir='ltr'>Hatra</span> 
     </span>
     <span class='ocr_line' id='line_1_12' title="bbox 154 1412 1131 1492; baseline -0.003 -15"><span class='ocrx_word' id='word_1_82' title='bbox 154 1415 243 1478; x_wconf 73' lang='lat' dir='ltr'>traria</span> <span class='ocrx_word' id='word_1_83' title='bbox 256 1413 346 1478; x_wconf 82' lang='lat' dir='ltr'>Sertis</span> <span class='ocrx_word' id='word_1_84' title='bbox 358 1412 557 1492; x_wconf 83' lang='lat' dir='ltr'>Apostottcae</span> <span class='ocrx_word' id='word_1_85' title='bbox 563 1413 766 1492; x_wconf 83' lang='lat' dir='ltr'>praectarum</span> <span class='ocrx_word' id='word_1_86' title='bbox 782 1413 905 1475; x_wconf 75' lang='lat' dir='ltr'>exhibet</span> <span class='ocrx_word' id='word_1_87' title='bbox 922 1413 1131 1476; x_wconf 82' lang='lat' dir='ltr'>testimoniam</span> 
     </span>
     <span class='ocr_line' id='line_1_13' title="bbox 155 1509 1134 1590; baseline -0.003 -15"><span class='ocrx_word' id='word_1_88' title='bbox 155 1513 299 1575; x_wconf 82' lang='lat' dir='ltr'>Ioaaaes</span> <span class='ocrx_word' id='word_1_89' title='bbox 331 1510 425 1585; x_wconf 86' lang='lat' dir='ltr'><strong><em>VIII,</em></strong></span> <span class='ocrx_word' id='word_1_90' title='bbox 450 1511 538 1589; x_wconf 80' lang='lat' dir='ltr'>epist.</span> <span class='ocrx_word' id='word_1_91' title='bbox 555 1514 607 1572; x_wconf 84' lang='lat'>73.</span> <span class='ocrx_word' id='word_1_92' title='bbox 632 1509 745 1574; x_wconf 83' lang='lat' dir='ltr'>Nobitt</span> <span class='ocrx_word' id='word_1_93' title='bbox 768 1512 837 1573; x_wconf 81' lang='lat' dir='ltr'>otro</span> <span class='ocrx_word' id='word_1_94' title='bbox 856 1509 1033 1585; x_wconf 85' lang='lat' dir='ltr'>Lamberto,</span> <span class='ocrx_word' id='word_1_95' title='bbox 1046 1511 1134 1590; x_wconf 81' lang='lat' dir='ltr'>apud</span> 
     </span>
     <span class='ocr_line' id='line_1_14' title="bbox 154 1606 1132 1689; baseline -0.001 -17"><span class='ocrx_word' id='word_1_96' title='bbox 154 1608 332 1682; x_wconf 75' lang='lat' dir='ltr'>Ledaeam,</span> <span class='ocrx_word' id='word_1_97' title='bbox 349 1606 465 1672; x_wconf 80' lang='lat' dir='ltr'>Concil.</span> <span class='ocrx_word' id='word_1_98' title='bbox 489 1609 567 1671; x_wconf 89' lang='lat' dir='ltr'>tom.</span> <span class='ocrx_word' id='word_1_99' title='bbox 593 1610 623 1683; x_wconf 80' lang='lat'>2,</span> <span class='ocrx_word' id='word_1_100' title='bbox 648 1607 704 1671; x_wconf 88' lang='lat' dir='ltr'>col.</span> <span class='ocrx_word' id='word_1_101' title='bbox 730 1609 783 1671; x_wconf 89' lang='grc'>60.</span> <span class='ocrx_word' id='word_1_102' title='bbox 812 1609 936 1672; x_wconf 86' lang='lat' dir='ltr'>«Porro</span> <span class='ocrx_word' id='word_1_103' title='bbox 960 1609 1032 1689; x_wconf 90' lang='lat' dir='ltr'>quia</span> <span class='ocrx_word' id='word_1_104' title='bbox 1056 1608 1132 1671; x_wconf 89' lang='lat' dir='ltr'>dixi·</span> 
     </span>
     <span class='ocr_line' id='line_1_15' title="bbox 155 1705 1133 1789; baseline -0.001 -19"><span class='ocrx_word' id='word_1_105' title='bbox 155 1707 212 1780; x_wconf 92' lang='lat' dir='ltr'>sti,</span> <span class='ocrx_word' id='word_1_106' title='bbox 239 1705 320 1787; x_wconf 88' lang='lat' dir='ltr'>quod</span> <span class='ocrx_word' id='word_1_107' title='bbox 343 1705 409 1769; x_wconf 86' lang='lat' dir='ltr'>sine</span> <span class='ocrx_word' id='word_1_108' title='bbox 431 1723 580 1769; x_wconf 86' lang='lat' dir='ltr'>consensu</span> <span class='ocrx_word' id='word_1_109' title='bbox 605 1707 659 1769; x_wconf 91' lang='lat' dir='ltr'>tuo</span> <span class='ocrx_word' id='word_1_110' title='bbox 686 1705 858 1789; x_wconf 83' lang='lat' dir='ltr'>legationes</span> <span class='ocrx_word' id='word_1_111' title='bbox 882 1725 1035 1787; x_wconf 87' lang='lat' dir='ltr'>nusquam</span> <span class='ocrx_word' id='word_1_112' title='bbox 1059 1707 1133 1770; x_wconf 89' lang='lat' dir='ltr'>mit-</span> 
     </span>
     <span class='ocr_line' id='line_1_16' title="bbox 155 1803 1135 1884; baseline 0 -16"><span class='ocrx_word' id='word_1_113' title='bbox 155 1809 226 1868; x_wconf 86' lang='lat' dir='ltr'>tere</span> <span class='ocrx_word' id='word_1_114' title='bbox 250 1804 439 1876; x_wconf 84' lang='lat' dir='ltr'>deberemus,</span> <span class='ocrx_word' id='word_1_115' title='bbox 470 1822 605 1884; x_wconf 89' lang='lat' dir='ltr'>ususque</span> <span class='ocrx_word' id='word_1_116' title='bbox 636 1804 685 1868; x_wconf 93' lang='lat' dir='ltr'>bic</span> <span class='ocrx_word' id='word_1_117' title='bbox 716 1823 776 1868; x_wconf 94' lang='lat' dir='ltr'>non</span> <span class='ocrx_word' id='word_1_118' title='bbox 800 1803 904 1879; x_wconf 87' lang='lat' dir='ltr'>fuerit,</span> <span class='ocrx_word' id='word_1_119' title='bbox 933 1823 987 1868; x_wconf 88' lang='lat' dir='ltr'>neo</span> <span class='ocrx_word' id='word_1_120' title='bbox 1017 1804 1135 1868; x_wconf 88' lang='lat' dir='ltr'>litteris</span> 
     </span>
     <span class='ocr_line' id='line_1_17' title="bbox 155 1901 1134 1986; baseline -0.001 -20"><span class='ocrx_word' id='word_1_121' title='bbox 155 1902 278 1986; x_wconf 88' lang='lat' dir='ltr'>legitur</span> <span class='ocrx_word' id='word_1_122' title='bbox 300 1920 355 1964; x_wconf 88' lang='lat' dir='ltr'>nec</span> <span class='ocrx_word' id='word_1_123' title='bbox 370 1919 389 1964; x_wconf 89' lang='lat' dir='ltr'>a</span> <span class='ocrx_word' id='word_1_124' title='bbox 405 1919 562 1982; x_wconf 84' lang='lat' dir='ltr'>quaquam</span> <span class='ocrx_word' id='word_1_125' title='bbox 586 1901 752 1982; x_wconf 83' lang='lat' dir='ltr'>superstite</span> <span class='ocrx_word' id='word_1_126' title='bbox 768 1919 905 1982; x_wconf 90' lang='lat' dir='ltr'>unquam</span> <span class='ocrx_word' id='word_1_127' title='bbox 927 1901 1021 1965; x_wconf 85' lang='lat' dir='ltr'>fuisse</span> <span class='ocrx_word' id='word_1_128' title='bbox 1044 1901 1134 1965; x_wconf 88' lang='lat' dir='ltr'>remi-</span> 
     </span>
     <span class='ocr_line' id='line_1_18' title="bbox 155 1997 1134 2081; baseline 0 -19"><span class='ocrx_word' id='word_1_129' title='bbox 155 2000 293 2063; x_wconf 85' lang='lat' dir='ltr'>niscitur</span> <span class='ocrx_word' id='word_1_130' title='bbox 308 1998 441 2062; x_wconf 82' lang='lat' dir='ltr'>iactum:</span> <span class='ocrx_word' id='word_1_131' title='bbox 458 2001 489 2062; x_wconf 92' lang='lat' dir='ltr'>et</span> <span class='ocrx_word' id='word_1_132' title='bbox 506 1999 572 2062; x_wconf 90' lang='lat' dir='ltr'>ideo</span> <span class='ocrx_word' id='word_1_133' title='bbox 589 1997 681 2063; x_wconf 86' lang='lat' dir='ltr'>Sedes</span> <span class='ocrx_word' id='word_1_134' title='bbox 693 1999 883 2080; x_wconf 81' lang='lat' dir='ltr'>Apostolica,</span> <span class='ocrx_word' id='word_1_135' title='bbox 900 2000 997 2063; x_wconf 88' lang='lat' dir='ltr'>libera</span> <span class='ocrx_word' id='word_1_136' title='bbox 1013 2019 1134 2081; x_wconf 85' lang='lat' dir='ltr'>semper</span> 
     </span>
     <span class='ocr_line' id='line_1_19' title="bbox 156 2096 1133 2180; baseline -0.001 -19"><span class='ocrx_word' id='word_1_137' title='bbox 156 2098 304 2171; x_wconf 87' lang='lat' dir='ltr'>existens,</span> <span class='ocrx_word' id='word_1_138' title='bbox 328 2096 457 2159; x_wconf 88' lang='lat' dir='ltr'>liberam</span> <span class='ocrx_word' id='word_1_139' title='bbox 481 2097 594 2177; x_wconf 90' lang='lat' dir='ltr'>ubique</span> <span class='ocrx_word' id='word_1_140' title='bbox 618 2115 707 2160; x_wconf 89' lang='lat' dir='ltr'>snam</span> <span class='ocrx_word' id='word_1_141' title='bbox 731 2097 833 2160; x_wconf 85' lang='lat' dir='ltr'>mittit</span> <span class='ocrx_word' id='word_1_142' title='bbox 855 2097 1055 2180; x_wconf 88' lang='lat' dir='ltr'>legationem,</span> <span class='ocrx_word' id='word_1_143' title='bbox 1079 2098 1133 2160; x_wconf 89' lang='lat' dir='ltr'>ha-</span> 
     </span>
     <span class='ocr_line' id='line_1_20' title="bbox 156 2192 1131 2274; baseline -0.003 -17"><span class='ocrx_word' id='word_1_144' title='bbox 156 2196 235 2258; x_wconf 88' lang='lat' dir='ltr'>bens</span> <span class='ocrx_word' id='word_1_145' title='bbox 258 2192 384 2257; x_wconf 87' lang='lat' dir='ltr'>Domini</span> <span class='ocrx_word' id='word_1_146' title='bbox 400 2193 619 2256; x_wconf 85' lang='lat' dir='ltr'>auctoritatem</span> <span class='ocrx_word' id='word_1_147' title='bbox 636 2193 783 2258; x_wconf 88' lang='lat' dir='ltr'>dicentis:</span> <span class='ocrx_word' id='word_1_148' title='bbox 808 2193 879 2274; x_wconf 76' lang='lat' dir='ltr'>Ego</span> <span class='ocrx_word' id='word_1_149' title='bbox 890 2213 951 2272; x_wconf 84' lang='lat' dir='ltr'>pro</span> <span class='ocrx_word' id='word_1_150' title='bbox 968 2197 995 2256; x_wconf 86' lang='lat' dir='ltr'>te</span> <span class='ocrx_word' id='word_1_151' title='bbox 1010 2195 1131 2274; x_wconf 77' lang='lat' dir='ltr'>rogavi,</span> 
     </span>
     <span class='ocr_line' id='line_1_21' title="bbox 157 2289 1133 2372; baseline -0.001 -17"><span class='ocrx_word' id='word_1_152' title='bbox 157 2291 269 2368; x_wconf 80' lang='lat' dir='ltr'>Petro,</span> <span class='ocrx_word' id='word_1_153' title='bbox 286 2294 322 2354; x_wconf 82' lang='lat' dir='ltr'>ut</span> <span class='ocrx_word' id='word_1_154' title='bbox 343 2309 407 2354; x_wconf 81' lang='lat' dir='ltr'>noa</span> <span class='ocrx_word' id='word_1_155' title='bbox 423 2289 549 2370; x_wconf 73' lang='lat' dir='ltr'>deficiat</span> <span class='ocrx_word' id='word_1_156' title='bbox 571 2290 649 2370; x_wconf 79' lang='lat' dir='ltr'>fides</span> <span class='ocrx_word' id='word_1_157' title='bbox 674 2295 738 2366; x_wconf 85' lang='lat' dir='ltr'>tau,</span> <span class='ocrx_word' id='word_1_158' title='bbox 756 2297 784 2354; x_wconf 92' lang='lat' dir='ltr'>et</span> <span class='ocrx_word' id='word_1_159' title='bbox 809 2296 842 2354; x_wconf 80' lang='lat' dir='ltr'>ta</span> <span class='ocrx_word' id='word_1_160' title='bbox 864 2291 1038 2372; x_wconf 74' lang='lat' dir='ltr'>adaquando</span> <span class='ocrx_word' id='word_1_161' title='bbox 1063 2309 1133 2354; x_wconf 80' lang='lat' dir='ltr'>cora-</span> 
     </span>
     <span class='ocr_line' id='line_1_22' title="bbox 157 2387 719 2467; baseline -0.002 -14"><span class='ocrx_word' id='word_1_162' title='bbox 157 2409 269 2454; x_wconf 82' lang='lat' dir='ltr'>versas</span> <span class='ocrx_word' id='word_1_163' title='bbox 292 2387 444 2467; x_wconf 72' lang='lat' dir='ltr'>confirmo</span> <span class='ocrx_word' id='word_1_164' title='bbox 466 2387 585 2467; x_wconf 80' lang='lat' dir='ltr'>fratres</span> <span class='ocrx_word' id='word_1_165' title='bbox 610 2393 676 2453; x_wconf 79' lang='lat' dir='ltr'>taos</span> <span class='ocrx_word' id='word_1_166' title='bbox 689 2415 719 2452; x_wconf 82' lang='lat'>».</span> 
     </span>
    </p>

    <p class='ocr_par' dir='ltr' id='par_1_5' title="bbox 158 2484 1135 3643">
     <span class='ocr_line' id='line_1_23' title="bbox 206 2484 1132 2570; baseline 0.001 -22"><span class='ocrx_word' id='word_1_167' title='bbox 206 2487 272 2549; x_wconf 85' lang='grc'>424</span> <span class='ocrx_word' id='word_1_168' title='bbox 300 2523 336 2531; x_wconf 96' lang='grc'>-</span> <span class='ocrx_word' id='word_1_169' title='bbox 362 2484 424 2549; x_wconf 88' lang='lat' dir='ltr'>Leo</span> <span class='ocrx_word' id='word_1_170' title='bbox 448 2486 525 2548; x_wconf 88' lang='lat' dir='ltr'>Xlll</span> <span class='ocrx_word' id='word_1_171' title='bbox 549 2486 651 2550; x_wconf 87' lang='lat' dir='ltr'>multa</span> <span class='ocrx_word' id='word_1_172' title='bbox 675 2487 712 2550; x_wconf 90' lang='lat' dir='ltr'>de</span> <span class='ocrx_word' id='word_1_173' title='bbox 735 2485 863 2570; x_wconf 85' lang='lat' dir='ltr'>Legatis</span> <span class='ocrx_word' id='word_1_174' title='bbox 886 2486 981 2552; x_wconf 91' lang='lat' dir='ltr'>habet</span> <span class='ocrx_word' id='word_1_175' title='bbox 1003 2487 1034 2550; x_wconf 93' lang='lat' dir='ltr'>in</span> <span class='ocrx_word' id='word_1_176' title='bbox 1059 2487 1132 2550; x_wconf 79' lang='lat' dir='ltr'>Ena.</span> 
     </span>
     <span class='ocr_line' id='line_1_24' title="bbox 158 2585 1134 2666; baseline -0.001 -18"><span class='ocrx_word' id='word_1_177' title='bbox 158 2585 353 2664; x_wconf 78' lang='lat' dir='ltr'>Lonpiaqaa</span> <span class='ocrx_word' id='word_1_178' title='bbox 390 2585 498 2647; x_wconf 81' lang='lat' dir='ltr'>oceani</span> <span class='ocrx_word' id='word_1_179' title='bbox 534 2585 648 2664; x_wconf 78' lang='lat' dir='ltr'>spatia,</span> <span class='ocrx_word' id='word_1_180' title='bbox 674 2586 693 2647; x_wconf 89' lang='grc'>6</span> <span class='ocrx_word' id='word_1_181' title='bbox 729 2585 812 2648; x_wconf 91' lang='lat' dir='ltr'>Iunii</span> <span class='ocrx_word' id='word_1_182' title='bbox 843 2585 939 2662; x_wconf 87' lang='lat'>1895,</span> <span class='ocrx_word' id='word_1_183' title='bbox 975 2603 1053 2666; x_wconf 85' lang='lat' dir='ltr'>quae</span> <span class='ocrx_word' id='word_1_184' title='bbox 1077 2585 1134 2648; x_wconf 91' lang='lat' dir='ltr'>Pa·</span> 
     </span>
     <span class='ocr_line' id='line_1_25' title="bbox 159 2680 1134 2776; baseline 0.003 -32"><span class='ocrx_word' id='word_1_185' title='bbox 159 2681 262 2745; x_wconf 85' lang='lat' dir='ltr'>tribus</span> <span class='ocrx_word' id='word_1_186' title='bbox 283 2680 373 2776; x_wconf 78' lang='lat' dir='ltr'>Cone.</span> <span class='ocrx_word' id='word_1_187' title='bbox 398 2681 484 2744; x_wconf 87' lang='lat' dir='ltr'>Pleu.</span> <span class='ocrx_word' id='word_1_188' title='bbox 512 2681 673 2746; x_wconf 86' lang='lat' dir='ltr'>Amerioae</span> <span class='ocrx_word' id='word_1_189' title='bbox 697 2683 838 2759; x_wconf 87' lang='lat' dir='ltr'>Latinae,</span> <span class='ocrx_word' id='word_1_190' title='bbox 859 2685 918 2746; x_wconf 88' lang='lat' dir='ltr'>art.</span> <span class='ocrx_word' id='word_1_191' title='bbox 944 2683 996 2758; x_wconf 85' lang='lat'>67,</span> <span class='ocrx_word' id='word_1_192' title='bbox 1014 2683 1068 2759; x_wconf 84' lang='lat'>68,</span> <span class='ocrx_word' id='word_1_193' title='bbox 1090 2703 1134 2748; x_wconf 91' lang='lat' dir='ltr'>se·</span> 
     </span>
     <span class='ocr_line' id='line_1_26' title="bbox 160 2777 1132 2860; baseline 0.004 -19"><span class='ocrx_word' id='word_1_194' title='bbox 160 2777 288 2860; x_wconf 86' lang='lat' dir='ltr'>quentia</span> <span class='ocrx_word' id='word_1_195' title='bbox 313 2779 572 2860; x_wconf 88' lang='lat' dir='ltr'>opportunissime</span> <span class='ocrx_word' id='word_1_196' title='bbox 595 2779 723 2844; x_wconf 84' lang='lat' dir='ltr'>dicenda</span> <span class='ocrx_word' id='word_1_197' title='bbox 748 2782 867 2845; x_wconf 82' lang='lat' dir='ltr'>occasio</span> <span class='ocrx_word' id='word_1_198' title='bbox 883 2782 945 2844; x_wconf 87' lang='lat' dir='ltr'>fuit</span> <span class='ocrx_word' id='word_1_199' title='bbox 967 2784 999 2845; x_wconf 90' lang='lat' dir='ltr'>et</span> <span class='ocrx_word' id='word_1_200' title='bbox 1022 2781 1132 2846; x_wconf 88' lang='lat' dir='ltr'>lunda-</span> 
     </span>
     <span class='ocr_line' id='line_1_27' title="bbox 160 2877 1132 2960; baseline 0.003 -20"><span class='ocrx_word' id='word_1_201' title='bbox 160 2879 322 2940; x_wconf 88' lang='lat' dir='ltr'>mentum:</span> <span class='ocrx_word' id='word_1_202' title='bbox 351 2877 513 2940; x_wconf 77' lang='lat' dir='ltr'>«Romani</span> <span class='ocrx_word' id='word_1_203' title='bbox 537 2877 713 2954; x_wconf 86' lang='lat' dir='ltr'>Pontifices,</span> <span class='ocrx_word' id='word_1_204' title='bbox 734 2879 772 2942; x_wconf 91' lang='lat' dir='ltr'>ob</span> <span class='ocrx_word' id='word_1_205' title='bbox 795 2877 875 2941; x_wconf 91' lang='lat' dir='ltr'>hanc</span> <span class='ocrx_word' id='word_1_206' title='bbox 897 2897 1034 2954; x_wconf 83' lang='lat' dir='ltr'>causam,</span> <span class='ocrx_word' id='word_1_207' title='bbox 1052 2879 1132 2960; x_wconf 92' lang='lat' dir='ltr'>quod</span> 
     </span>
     <span class='ocr_line' id='line_1_28' title="bbox 160 2973 1131 3057; baseline 0.002 -20"><span class='ocrx_word' id='word_1_208' title='bbox 160 2975 206 3038; x_wconf 90' lang='lat' dir='ltr'>rei</span> <span class='ocrx_word' id='word_1_209' title='bbox 228 2973 415 3038; x_wconf 84' lang='lat' dir='ltr'>christianae</span> <span class='ocrx_word' id='word_1_210' title='bbox 440 2973 705 3040; x_wconf 87' lang='lat' dir='ltr'>administrandae</span> <span class='ocrx_word' id='word_1_211' title='bbox 721 2975 872 3039; x_wconf 88' lang='lat' dir='ltr'>divinitus</span> <span class='ocrx_word' id='word_1_212' title='bbox 895 2976 1001 3039; x_wconf 88' lang='lat' dir='ltr'>tenent</span> <span class='ocrx_word' id='word_1_213' title='bbox 1024 2977 1131 3057; x_wconf 88' lang='lat' dir='ltr'>princi·</span> 
     </span>
     <span class='ocr_line' id='line_1_29' title="bbox 160 3073 1134 3157; baseline 0.003 -21"><span class='ocrx_word' id='word_1_214' title='bbox 160 3075 283 3156; x_wconf 89' lang='lat' dir='ltr'>patum,</span> <span class='ocrx_word' id='word_1_215' title='bbox 314 3091 387 3137; x_wconf 89' lang='lat' dir='ltr'>suos</span> <span class='ocrx_word' id='word_1_216' title='bbox 417 3091 543 3156; x_wconf 87' lang='lat' dir='ltr'>peregre</span> <span class='ocrx_word' id='word_1_217' title='bbox 574 3073 710 3156; x_wconf 88' lang='lat' dir='ltr'>Legatos</span> <span class='ocrx_word' id='word_1_218' title='bbox 734 3073 773 3137; x_wconf 91' lang='lat' dir='ltr'>ad</span> <span class='ocrx_word' id='word_1_219' title='bbox 803 3075 911 3157; x_wconf 88' lang='lat' dir='ltr'>gentes</span> <span class='ocrx_word' id='word_1_220' title='bbox 941 3073 1134 3156; x_wconf 90' lang='lat' dir='ltr'>populosque</span> 
     </span>
     <span class='ocr_line' id='line_1_30' title="bbox 160 3171 1135 3253; baseline 0.001 -18"><span class='ocrx_word' id='word_1_221' title='bbox 160 3171 347 3236; x_wconf 88' lang='lat' dir='ltr'>christianos</span> <span class='ocrx_word' id='word_1_222' title='bbox 370 3171 495 3234; x_wconf 88' lang='lat' dir='ltr'>mittere</span> <span class='ocrx_word' id='word_1_223' title='bbox 520 3171 568 3234; x_wconf 89' lang='lat' dir='ltr'>vel</span> <span class='ocrx_word' id='word_1_224' title='bbox 598 3171 637 3235; x_wconf 92' lang='lat' dir='ltr'>ab</span> <span class='ocrx_word' id='word_1_225' title='bbox 661 3172 774 3236; x_wconf 90' lang='lat' dir='ltr'>ultima</span> <span class='ocrx_word' id='word_1_226' title='bbox 798 3172 987 3253; x_wconf 85' lang='lat' dir='ltr'>antiquitate</span> <span class='ocrx_word' id='word_1_227' title='bbox 1011 3191 1135 3236; x_wconf 88' lang='lat' dir='ltr'>consuc-</span> 
     </span>
     <span class='ocr_line' id='line_1_31' title="bbox 161 3267 1133 3350; baseline 0.002 -18"><span class='ocrx_word' id='word_1_228' title='bbox 161 3270 282 3332; x_wconf 85' lang='lat' dir='ltr'>verunt.</span> <span class='ocrx_word' id='word_1_229' title='bbox 307 3267 343 3330; x_wconf 92' lang='lat' dir='ltr'>ld</span> <span class='ocrx_word' id='word_1_230' title='bbox 367 3269 472 3332; x_wconf 87' lang='lat' dir='ltr'>antem</span> <span class='ocrx_word' id='word_1_231' title='bbox 498 3287 556 3332; x_wconf 92' lang='lat' dir='ltr'>non</span> <span class='ocrx_word' id='word_1_232' title='bbox 580 3270 769 3333; x_wconf 87' lang='lat' dir='ltr'>extrinsecus</span> <span class='ocrx_word' id='word_1_233' title='bbox 785 3269 936 3350; x_wconf 88' lang='lat' dir='ltr'>quaesito,</span> <span class='ocrx_word' id='word_1_234' title='bbox 949 3269 1002 3333; x_wconf 87' lang='lat' dir='ltr'>sed</span> <span class='ocrx_word' id='word_1_235' title='bbox 1026 3270 1133 3334; x_wconf 83' lang='lat' dir='ltr'>nativo</span> 
     </span>
     <span class='ocr_line' id='line_1_32' title="bbox 160 3363 1134 3448; baseline 0.001 -19"><span class='ocrx_word' id='word_1_236' title='bbox 160 3367 227 3430; x_wconf 87' lang='lat' dir='ltr'>inre</span> <span class='ocrx_word' id='word_1_237' title='bbox 250 3383 317 3442; x_wconf 87' lang='lat' dir='ltr'>suo,</span> <span class='ocrx_word' id='word_1_238' title='bbox 338 3365 411 3446; x_wconf 89' lang='lat' dir='ltr'>quia</span> <span class='ocrx_word' id='word_1_239' title='bbox 435 3363 581 3430; x_wconf 85' lang='lat' dir='ltr'>Summus</span> <span class='ocrx_word' id='word_1_240' title='bbox 604 3366 780 3430; x_wconf 82' lang='lat' dir='ltr'>Pontifex...</span> <span class='ocrx_word' id='word_1_241' title='bbox 808 3391 825 3424; x_wconf 83' lang='lat'><strong>«</strong></span> <span class='ocrx_word' id='word_1_242' title='bbox 838 3385 908 3430; x_wconf 85' lang='lat' dir='ltr'>cunr</span> <span class='ocrx_word' id='word_1_243' title='bbox 932 3367 1134 3448; x_wconf 86' lang='lat' dir='ltr'>personaliter</span> 
     </span>
     <span class='ocr_line' id='line_1_33' title="bbox 164 3459 1133 3548; baseline 0.007 -27"><span class='ocrx_word' id='word_1_244' title='bbox 164 3459 334 3546; x_wconf 57' lang='lat' dir='ltr'>&lt;singulas</span> <span class='ocrx_word' id='word_1_245' title='bbox 357 3462 497 3545; x_wconf 87' lang='lat' dir='ltr'>regiones</span> <span class='ocrx_word' id='word_1_246' title='bbox 520 3463 647 3526; x_wconf 88' lang='lat' dir='ltr'>circuire</span> <span class='ocrx_word' id='word_1_247' title='bbox 671 3481 730 3527; x_wconf 92' lang='lat' dir='ltr'>non</span> <span class='ocrx_word' id='word_1_248' title='bbox 754 3464 862 3545; x_wconf 86' lang='lat' dir='ltr'>possit,</span> <span class='ocrx_word' id='word_1_249' title='bbox 887 3482 941 3527; x_wconf 91' lang='lat' dir='ltr'>neo</span> <span class='ocrx_word' id='word_1_250' title='bbox 964 3465 1044 3528; x_wconf 90' lang='lat' dir='ltr'>circa</span> <span class='ocrx_word' id='word_1_251' title='bbox 1067 3484 1133 3548; x_wconf 87' lang='lat' dir='ltr'>gre-</span> 
     </span>
     <span class='ocr_line' id='line_1_34' title="bbox 164 3559 1134 3643; baseline 0.006 -25"><span class='ocrx_word' id='word_1_252' title='bbox 164 3583 183 3618; x_wconf 79' lang='lat'><strong>«</strong></span> <span class='ocrx_word' id='word_1_253' title='bbox 195 3579 263 3643; x_wconf 82' lang='lat' dir='ltr'>gem</span> <span class='ocrx_word' id='word_1_254' title='bbox 281 3559 342 3624; x_wconf 89' lang='lat' dir='ltr'>sibi</span> <span class='ocrx_word' id='word_1_255' title='bbox 354 3559 506 3623; x_wconf 85' lang='lat' dir='ltr'>creditum</span> <span class='ocrx_word' id='word_1_256' title='bbox 519 3579 625 3624; x_wconf 89' lang='lat' dir='ltr'>curam</span> <span class='ocrx_word' id='word_1_257' title='bbox 642 3561 806 3643; x_wconf 90' lang='lat' dir='ltr'>pastoralis</span> <span class='ocrx_word' id='word_1_258' title='bbox 819 3561 1038 3626; x_wconf 87' lang='lat' dir='ltr'>sollicitudinis</span> <span class='ocrx_word' id='word_1_259' title='bbox 1050 3581 1134 3626; x_wconf 87' lang='lat' dir='ltr'>exer·</span> 
     </span>
    </p>
   </div>
   <div class='ocr_carea' id='block_1_4' title="bbox 7 3657 1135 3752">
    <p class='ocr_par' dir='ltr' id='par_1_6' title="bbox 7 3657 1135 3752">
     <span class='ocr_line' id='line_1_35' title="bbox 7 3657 1135 3752; baseline 0.005 -34"><span class='ocrx_word' id='word_1_260' title='bbox 7 3717 9 3742; x_wconf 26' lang='lat' dir='ltr'>k</span> <span class='ocrx_word' id='word_1_261' title='bbox 102 3743 110 3752; x_wconf 24' lang='grc' dir='ltr'><em>υ</em></span> <span class='ocrx_word' id='word_1_262' title='bbox 165 3683 183 3717; x_wconf 73' lang='lat' dir='ltr'>e</span> <span class='ocrx_word' id='word_1_263' title='bbox 196 3677 272 3734; x_wconf 88' lang='lat' dir='ltr'>cere,</span> <span class='ocrx_word' id='word_1_264' title='bbox 304 3675 426 3722; x_wconf 89' lang='lat' dir='ltr'>neeesse</span> <span class='ocrx_word' id='word_1_265' title='bbox 458 3657 553 3722; x_wconf 86' lang='lat' dir='ltr'>habet</span> <span class='ocrx_word' id='word_1_266' title='bbox 583 3658 750 3737; x_wconf 87' lang='lat' dir='ltr'>interdum,</span> <span class='ocrx_word' id='word_1_267' title='bbox 774 3680 813 3722; x_wconf 85' lang='lat' dir='ltr'>ea</span> <span class='ocrx_word' id='word_1_268' title='bbox 836 3659 937 3724; x_wconf 82' lang='lat' dir='ltr'>debito</span> <span class='ocrx_word' id='word_1_269' title='bbox 972 3662 1135 3740; x_wconf 66' lang='lat' dir='ltr'>dispositae</span> 
     </span>
    </p>
   </div>
   <div class='ocr_carea' id='block_1_5' title="bbox 0 0 1418 4276">
    <p class='ocr_par' dir='ltr' id='par_1_7' title="bbox 0 0 1418 4276">
     <span class='ocr_line' id='line_1_36' title="bbox 0 0 1418 4276; baseline 0 0"><span class='ocrx_word' id='word_1_270' title='bbox 0 0 1418 4276; x_wconf 95' lang='lat' dir='ltr'> </span> 
     </span>
    </p>
   </div>
  </div>
 </body>
</html>
