2812 4268
298 259 351 313 42⁴
589 263 763 310 nnlmnws
787 263 826 310 DE
850 262 972 310 sumens

298 481 473 564 cognitione
486 482 574 548 actus
587 481 813 564 appellationis,
826 481 972 546 intimare
994 481 1071 545 facit
1080 481 1263 564 appellanti,

298 578 335 640 ut
350 577 429 642 infra
442 578 609 642 terminum
624 579 736 662 viginti
748 579 868 643 dierum
879 578 1068 643 defensorem
1078 581 1263 656 constituat,
1385 623 1386 632 ,

297 675 351 757 qni
375 676 537 758 approbari
567 676 658 740 debet
688 677 727 741 ab
750 677 857 741 eadem
882 677 1032 758 superiori
1062 678 1262 742 auctoritate.

345 773 440 836 1351.
465 809 509 820 —-
532 773 613 837 XLI.
638 774 773 838 Decurso
799 774 882 838 dicto
899 775 1031 838 termino
1055 776 1264 857 peremptorio

294 870 411 951 absque
424 871 543 946 effectu,
567 873 710 935 censetur
733 871 941 962 appellantem
967 871 1117 934 nuncium
1141 872 1264 937 misisse

160 969 162 974 ’
297 968 515 1050 appellationis
538 968 692 1045 beneficio,
716 971 748 1032 01
770 969 846 1033 hacc
868 970 1088 1050 consequenter
1103 971 1263 1052 perempta
1386 985 1387 988 ’

297 1065 474 1131 declaratur
497 1086 516 1131 a
539 1068 690 1148 superiori
713 1068 911 1139 auctoritate.

343 1164 439 1227 1352.
469 1201 506 1210 -
531 1164 628 1229 XLll.
644 1163 747 1243 Quum
770 1164 937 1248 appellatio
961 1165 1144 1247 producitur
1160 1186 1179 1229 0
1196 1185 1264 1230 sen·

295 1263 394 1325 tentia
414 1262 546 1326 alicuius
570 1261 680 1326 Curiae
704 1262 885 1344 episcopalis
909 1261 949 1324 ad
973 1261 1260 1344 Metropolitanum,

295 1358 551 1442 Archispiscopus
590 1378 644 1442 pro
683 1361 860 1444 cognitione
890 1361 922 1422 01
962 1359 1111 1423 decisione
1150 1379 1261 1424 causac

295 1457 437 1538 sequitur
463 1475 604 1522 normam
628 1457 809 1539 procedendi
832 1458 863 1520 in
886 1457 944 1520 hac
968 1457 1174 1521 instructione
1202 1459 1262 1522 tra·
1387 1539 1388 1548 ἵ

194 1549 198 1557 ’
300 1553 410 1617 ditam.

347 1652 438 1714 1353.
476 1687 517 1700 -
552 1652 665 1716 XLIll.
691 1652 723 1717 Si
746 1653 908 1737 contingat
932 1651 1014 1734 quod
1038 1652 1179 1730 clericus,
1204 1672 1260 1717 non

295 1750 438 1814 obstante
461 1750 520 1815 fori
544 1750 717 1833 privilegio,
744 1749 782 1814 ob
805 1750 942 1814 ⁴crimina
964 1750 1144 1832 communia
1168 1751 1261 1815 subii-

295 1847 398 1912 ciatur
428 1849 582 1930 processui
620 1851 652 1912 01
689 1847 804 1912 iudicio
843 1848 942 1912 laicae
976 1849 1151 1930 potestatis,
1176 1847 1261 1912 Ordi-

294 1947 409 2021 narius,
436 1947 495 2012 hoc
519 1948 550 2011 in
574 1967 657 2022 casu,
681 1947 884 2010 summarium
897 1947 995 2010 sumit
1017 1945 1177 2010 criminosi
1189 1947 1261 2010 facti
1388 1995 1389 2004 .

293 2044 508 2127 cognitionem,
542 2047 635 2126 atque
667 2043 828 2125 perpendit
859 2063 898 2106 an
929 2044 1041 2126 ipsum,
1073 2043 1113 2107 ad
1144 2045 1260 2109 tradita

295 2159 353 2223 perx
371 2161 473 2207 sacros
496 2161 636 2219 canones,
660 2142 764 2205 locum
787 2142 885 2206 faciat
908 2140 1065 2217 infamiae,
1082 2142 1261 2226 irregulari·

295 2240 366 2314 tati,
390 2243 446 2302 aut
470 2241 522 2305 alii
536 2240 759 2304 ecclesiasticae
774 2240 938 2304 sanctioni.
957 2239 975 2321 ,d
995 2241 1036 2328 1⁰¹
1053 2240 1158 2304 Donec
1182 2241 1261 2304 indi·

295 2337 378 2400 oium
402 2337 542 2419 pendeat,
567 2340 623 2401 aut
646 2339 812 2401 accusatus
836 2337 980 2400 detentus
996 2337 1048 2412 sit,
1065 2337 1201 2419 prudens
1216 2339 1260 2402 est
1389 2399 1390 2406 ,

297 2433 379 2515 quod
410 2433 590 2504 Ordinarius
625 2454 691 2524 sese
726 2434 844 2498 limitet
875 2435 914 2498 ad
948 2434 1051 2498 media
1078 2435 1259 2516 provisoria.

297 2533 364 2614 §2⁰
389 2533 517 2614 llxpleto
534 2535 637 2598 tamen
663 2533 790 2609 iudicio,
818 2535 849 2596 01
871 2532 968 2597 libero
994 2533 1092 2596 redito
1119 2535 1261 2598 accusato

297 2628 390 2694 Curia
405 2631 492 2694 iuxta
508 2632 625 2695 exitum
639 2631 895 2695 informationum
915 2649 970 2693 ceu
986 2631 1128 2712 superius
1144 2651 1261 2696 assum·

297 2729 432 2811 piarum,
457 2729 594 2811 procedit
611 2729 649 2792 ad
667 2730 811 2792 tramites
827 2728 1067 2810 dispositionum
1090 2730 1261 2810 praesentis

296 2827 519 2892 instructionis.

344 2926 439 2988 1354.
464 2963 507 2971 -
531 2925 641 2988 XLIV.
667 2925 863 2990 lncasibus'
888 2924 1000 2999 dubiis,
1039 2925 1070 2988 01
1109 2925 1140 2988 10
1169 2925 1261 2990 variis

297 3023 441 3104 practicis
465 3023 714 3099 difficultatibus,
740 3041 817 3104 qnae
833 3023 1009 3105 contiigere
1026 3023 1156 3104 possint,
1177 3022 1262 3087 Ordi-

297 3121 376 3184 narii
401 3121 562 3185 consulant
585 3121 664 3184 hanc
689 3121 720 3184 S.
746 3120 941 3204 Congreget,
966 3119 1005 3183 ad
1029 3119 1176 3184 vitandas
1192 3139 1262 3184 con·

296 3218 448 3282 tentiones
471 3220 502 3282 et
526 3219 691 3282 nullitates
714 3243 745 3280 ».

468 3395 469 3398 ’
530 3401 608 3465 Aac.
634 3400 688 3464 lV.
713 3399 764 3466 Ile
787 3399 1039 3484 Appellatlono.

344 3555 439 3618 1355.
467 3591 506 3600 —
538 3555 625 3620 fictio
650 3555 885 3636 appellationis.
910 3592 953 3599 —
976 3553 1000 3616 l.
1025 3554 1109 3616 Inter
1125 3554 1261 3617 remedia

297 3653 377 3714 iuris
401 3653 508 3716 contra
524 3653 710 3716 sententiam
728 3652 775 3716 vel
792 3670 960 3736 gravamen
975 3652 1172 3715 recensentur
1186 3671 1259 3732 sap·

294 3747 433 3826 plicatic,
457 3749 610 3812 recusatio
633 3749 755 3826 iudicia,
780 3768 926 3813 recursus
949 3751 980 3813 et
1003 3748 1182 3830 appellatio.
