2758 4270
312 249 365 304 340
591 257 765 304 meratus
788 258 828 304 DE
851 257 997 306 PERSONIS

357 453 431 518 987.
459 493 497 502 -
515 457 554 520 V.
571 481 589 516 «
600 457 690 538 Quod
703 477 774 524 vero
787 459 903 524 attinet
919 458 959 523 ad
975 459 1209 541 permissionem
1224 458 1269 522 vel

312 552 552 633 prohibitionem
576 556 615 620 ad
638 555 764 621 Sacram
788 555 939 640 synaxim
970 555 1145 630 accedendi,
1170 555 1271 619 eadem
1357 621 1358 632 ,

314 646 469 714 Sanctitas
500 651 562 716 Sua
593 654 738 730 decernit,
769 653 948 718 huiusmodi
980 653 1198 735 permissiones
1220 653 1272 716 -uel

313 746 536 828 prohibitiones
558 751 725 814 dumtaxat
752 752 797 814 ad
824 749 1049 830 confessarium
1079 751 1272 814 malicorium

313 842 361 906 cel
383 847 671 912 extraordinarium
693 851 841 931 spectare,
866 849 941 930 quin
971 849 1147 930 superiores
1179 848 1270 911 ullam

313 940 448 1006 habeant
470 947 689 1010 auctoritatem
712 947 817 1011 bacin
832 966 865 1010 re
881 965 946 1011 sese
961 945 1132 1029 ingerendi,
1154 948 1271 1028 excepto

313 1056 387 1102 casu
410 1059 471 1120 quc
495 1042 608 1124 aliquis
630 1063 666 1108 ex
689 1063 797 1108 eorum
820 1044 954 1108 subditis
978 1044 1049 1126 post
1073 1043 1272 1107 ultimamsa-

313 1140 533 1204 oramentalem
546 1143 767 1206 confessionem
779 1142 998 1207 communitati
1010 1141 1158 1207 scandalo
1174 1142 1271 1216 fiuent,

293 1289 295 1292 .
314 1234 370 1297 aut
385 1249 512 1318 gravem
528 1240 685 1303 externam
701 1240 825 1322 culpam
841 1240 1025 1322 patraverit,
1041 1238 1140 1302 donec
1155 1239 1195 1302 ad
1210 1257 1271 1320 poe·

314 1331 464 1398 nitentiae
487 1339 715 1400 sacramentum
737 1338 836 1403 denuo
861 1337 1034 1401 accesserit.

360 1429 435 1493 988.
459 1469 503 1478 -
525 1433 579 1506 Vl,
608 1435 806 1500 ‹Monentur
826 1435 898 1499 binc
921 1453 1038 1511 ornnes,
1050 1435 1088 1497 nt
1099 1433 1141 1498 ad
1153 1432 1270 1498 Sacram

315 1523 460 1609 Sybarim
483 1534 591 1594 curent
614 1533 779 1616 diligenter
802 1552 834 1597 se
861 1551 1045 1614 praeparare
1076 1533 1108 1595 et
1136 1530 1270 1595 accedere
1358 1577 1359 1616 3

315 1621 422 1688 diebus
445 1626 476 1689 in
499 1629 630 1708 propriis
652 1629 769 1713 regulis
792 1629 935 1693 statutis:
959 1631 991 1692 et
1014 1629 1138 1710 quoties
1160 1628 1199 1692 ob
1221 1627 1271 1691 fer-

315 1741 419 1786 vorem
443 1727 475 1788 et
497 1726 691 1806 spiritualem
721 1728 853 1792 alicuius
875 1728 1048 1809 profectum
1073 1725 1270 1790 confessarius

312 1821 451 1902 expedire
474 1823 668 1901 iudicaverit,
692 1827 729 1888 ut
751 1826 943 1908 frequentius
967 1824 1106 1900 accedat,
1131 1823 1162 1887 id
1185 1823 1212 1887 ei
1232 1822 1268 1886 ab

312 1917 378 1999 ipso
402 1919 583 1984 confessario
606 1923 747 2002 permitti
770 1924 896 2004 poterit.
915 1922 1032 1986 Verum
1050 1921 1104 2004 qui
1118 1919 1267 1984 licentiam

312 2033 330 2077 a
354 2015 538 2082 confessario
562 2019 732 2082 obtinuerit
755 2020 973 2101 frequentioris
996 2039 1033 2084 ac
1056 2020 1154 2084 etiam
1176 2015 1268 2100 quoti·

312 2111 421 2177 dianae
444 2117 679 2192 communionis
704 2117 740 2180 de
763 2117 822 2182 hoc
844 2119 1007 2182 certiorem
1038 2117 1167 2206 reddere
1189 2131 1266 2196 supe

311 2210 423 2275 riorem
447 2214 607 2287 teneatur;
631 2214 713 2296 quod
736 2215 763 2278 si
786 2215 835 2278 bic
858 2215 958 2279 iustas
978 2233 1151 2298 gravesque
1166 2228 1267 2276 causas

311 2325 343 2372 se
366 2309 477 2374 habere
500 2313 623 2393 reputet
637 2313 745 2376 contra
761 2311 984 2394 frequentiores
1000 2311 1180 2377 huiusmodi
1195 2327 1265 2374 com·
1359 2333 1360 2360 ι

249 2415 252 2420 ’
310 2406 472 2471 muniones
495 2426 547 2471 eas
568 2409 754 2473 confessario
777 2411 978 2476 manifestare
1006 2411 1163 2485 teneatur,
1186 2407 1265 2471 cuius
1359 2413 1360 2464 ι

311 2501 425 2567 iudicio
447 2505 683 2584 acquiscendum
708 2507 833 2571 omnino
857 2508 927 2571 erit.

357 2600 431 2664 989.
511 2601 582 2665 Vll.
599 2627 617 2661 «
628 2603 744 2666 Eadem
758 2601 914 2668 Sanctitas
927 2603 990 2668 Sua
1006 2604 1132 2686 insuper
1148 2601 1268 2668 mandat
1308 2609 1310 2616 ’

311 2697 453 2761 omnibus
476 2700 508 2762 et
530 2700 661 2782 singulis
684 2701 893 2782 superioribus
924 2702 1132 2780 generalibus,
1157 2699 1269 2785 provin·

310 2793 440 2859 cialibus
456 2797 488 2859 et
502 2797 651 2861 localibus
667 2795 901 2875 Institutorum‚
918 2799 955 2863 de
972 2799 1086 2880 quibus
1103 2817 1197 2881 supra
1212 2797 1269 2860 siue

311 2890 448 2955 virorum
470 2893 535 2956 sive
557 2893 734 2966 mulierum,
747 2894 784 2956 nt
799 2895 936 2962 studiose
960 2898 1169 2977 accurateque
1185 2894 1270 2958 buius

310 2986 424 3051 decreti
446 2989 663 3070 dispositiones
687 2990 849 3055 observent
872 2993 930 3056 sub
953 2993 1061 3076 poenis
1092 2995 1203 3058 contra
1224 3010 1270 3055 su-

310 3085 443 3165 periores
454 3085 652 3167 Apostolicae
675 3086 761 3151 Sedis
778 3085 927 3154 mandata
940 3091 1098 3156 violantes
1114 3092 1182 3174 ipso
1194 3089 1270 3154 facto

310 3181 510 3246 incurrendis.

355 3275 1206 3386 990.-Vlll.‹1)eniquen1andat‚tutpraesentis
1227 3282 1271 3346 de

309 3373 386 3437 creti
409 3375 625 3456 exemplaria
617 3395 649 3439 1n
673 3347 871 3442 vernaculum
895 3399 1070 3446 sermonem
1095 3401 1183 3446 verso
1203 3382 1272 3445 inse

310 3471 419 3533 rantur
442 3470 566 3535 Constit
525 3473 587 3534 ιιιιι
589 3472 725 3537 tionibus
749 3474 978 3556 praedictorum
1002 3479 1128 3560 piorum
1152 3478 1272 3542 Institut-

310 3566 426 3642 torum,
457 3569 489 3630 et
518 3568 630 3632 saltem
661 3570 756 3634 semel
785 3572 818 3636 in
846 3591 939 3652 anno,
967 3576 1054 3641 stato
1083 3573 1270 3660 temporein

311 3679 495 3744 unaquaque
519 3664 619 3741 domo,
642 3665 707 3730 sive
730 3667 761 3730 in
785 3668 909 3750 publica
931 3691 1050 3751 mensa,
1079 3675 1147 3740 sive
1169 3675 1200 3739 in
1222 3669 1270 3736 (la-
