2758 4270
261 257 326 306 GAP.
351 259 380 304 V.
404 259 444 306 DE
467 257 623 306 nonnullis
645 257 684 304 ΕΤ
707 257 922 305 enuntiamus
1022 253 1075 308 329

112 349 191 358 -ω-

108 458 232 523 satione
255 458 392 521 statuere
414 475 528 521 munus
551 457 768 538 Episcoporum
792 457 849 530 est,
873 475 928 538 pro
952 455 1076 521 Sodali-

107 555 231 620 tatibns
255 553 442 620 dioecesanis
466 555 582 637 pariter
597 573 633 618 ao
648 572 704 636 pro
727 555 874 628 caeteris3
898 554 930 618 id
947 553 1028 636 qnod
1043 554 1075 618 in
1126 581 1132 588 Ν·

107 654 212 736 capite
239 653 437 734 consequenti
461 654 505 734 (n.
529 652 621 735 VIII)
644 653 794 734 explicate
817 651 1008 736 praefinitur.
1032 687 1077 698 -

157 751 234 814 961.
258 755 304 798 -'
330 774 347 809 «
369 750 514 814 Alterum
538 749 814 833 praescriptionum
835 753 939 833 caput,
964 751 1001 816 de
1024 749 1078 816 So·

109 848 297 914 delitatibns
313 867 445 930 quarum
461 849 642 931 Apostolioa
655 849 748 914 Sedes
772 849 822 912 rel
837 849 920 932 leges
936 867 1078 933 recogno·

108 945 156 1009 vu
169 945 219 1009 vel
229 945 410 1010 institutum
423 944 653 1010 commendavit
668 947 725 1010 aut
735 945 929 1028 approbavit,
939 945 1077 1008 haecha-

108 1043 163 1106 bet
175 1041 344 1106 servande:
357 1042 382 1106 I.
399 1040 589 1108 Candidatos
599 1045 752 1126 cooptare,
766 1041 886 1107 eosdem
903 1041 1075 1106 adsacrum

109 1139 256 1204 habitum
273 1141 322 1204 vel
339 1140 379 1205 ad
402 1140 574 1223 profitenda
590 1143 665 1207 vota
688 1142 863 1219 admittere,
882 1143 984 1224 partes
1005 1143 1079 1206 sunt

110 1237 295 1302 Praesidum
320 1237 550 1314 Sodalitatum3
574 1239 698 1322 Integra
728 1240 833 1302 tamen
864 1238 1006 1320 EpIscopi
1031 1239 1078 1302 fa-

111 1334 233 1398 cultate
265 1352 284 1396 a
326 1333 448 1417 Synodo
481 1335 661 1400 Tridentino
698 1334 818 1399 tributa
851 1336 938 1420 (sess.
978 1334 1078 1409 XXV,

108 1451 177 1514 cap.
194 1431 296 1507 XVII,
313 1431 350 1495 de
366 1431 480 1512 Rapui.
497 1437 528 1496 el
542 1432 705 1514 Moesici),
718 1452 739 1495 u
771 1453 867 1515 quum
883 1432 920 1497 de
937 1432 1079 1496 foeminis

110 1529 229 1614 agitur,
246 1547 298 1593 eas
314 1531 346 1594 et
361 1531 434 1594 ante
458 1531 686 1612 suscipiendum
710 1530 851 1595 hab'itum
869 1532 901 1594 et
924 1531 996 1594 ante
1013 1548 1080 1612 pro·

110 1626 277 1690 laesionem
309 1627 514 1692 emittendam
540 1627 702 1692 eroffioio
726 1626 872 1709 exploret.
897 1626 1079 1690 Praesident

109 1725 258 1788 slmiIIter
273 1727 321 1790 est
345 1725 481 1790 familias
505 1725 644 1808 singulas
661 1725 813 1800 ordInare,
831 1726 945 1789 tirones
961 1743 997 1788 ac
1014 1743 1080 1806 pro·

109 1823 206 1888 fessos
238 1823 404 1901 dimittere,
432 1825 470 1888 iis
501 1825 607 1888 mmen
638 1823 770 1888 servatis
803 1841 1014 1906 quaecumque
1044 1842 1079 1887 ex

109 1921 252 1984 instituti
274 1921 395 2005 legibus
411 1920 637 2004 pontificiisque
654 1920 784 1984 decretis
808 1921 923 1984 servari
945 1920 1079 2002 oportet.

111 2057 157 2066 —
181 2015 398 2084 Demandandi
427 2037 555 2084 munera
582 2021 614 2083 et
642 2020 885 2101 procurationes,
908 2021 978 2082 tum
1002 2037 1081 2100 quae

111 2117 153 2180 ad
177 2118 354 2182 nniversam
378 2117 576 2186 sodalitatem
600 2117 764 2199 pertiuent,
782 2122 851 2180 turn
875 2116 1008 2197 quaein
1032 2116 1082 2180 do·

112 2216 217 2281 mibus
240 2216 372 2300 singulis
395 2219 583 2292 exercentur,
601 2215 778 2280 Conventus
801 2233 855 2278 seu
878 2213 1026 2294 Capiluda
1049 2217 1081 2279 et

113 2311 253 2379 Consilia
285 2315 408 2397 propria
439 2315 487 2378 ius
518 2315 643 2379 habent.
675 2313 710 2376 ln
743 2313 941 2377 muliebrium
973 2313 1079 2377 autem

112 2411 319 2476 sodalitatum
343 2410 552 2476 Conventibus
575 2411 615 2476 ad
639 2427 802 2474 munerum
826 2409 1081 2494 assignationem,

113 2509 294 2592 Episcopus,
318 2509 406 2573 onius
430 2509 461 2572 in
484 2509 614 2574 dioecesi
637 2509 801 2582 habentur,
825 2527 878 2590 per
901 2525 932 2571 se
956 2507 1007 2572 vel
1029 2527 1088 2590 per,

113 2607 213 2671 alium
236 2606 379 2695 praeerit,
400 2607 437 2670 ut
460 2605 547 2671 Sedis
562 2605 759 2688 Apostolioae
783 2605 954 2688 delegatus.

158 2705 234 2768 962.
255 2741 294 2750 -
308 2705 349 2768 Il.
369 2727 386 2762 «
403 2703 582 2768 Cordonare
599 2705 682 2780 vota,
699 2704 811 2789 siveea
823 2701 1082 2784 temporarIasint

114 2803 180 2868 sive
196 2806 356 2884 perpetue,
373 2802 465 2866 unius
482 2804 529 2866 est
544 2801 679 2866 Romani
694 2800 864 2866 Pontificio.
889 2799 1081 2864 immutandi

115 2900 364 2976 constitutiones,
377 2898 487 2983 utpote
504 2919 583 2980 quae
606 2899 754 2982 probatae
778 2918 796 2962 a
815 2897 891 2963 Sede
901 2897 1082 2978 Apostoliea
1147 2950 1149 2954 .

114 2997 232 3062 nemini
263 2997 485 3080 Episcoporunr
518 2998 566 3061 ius
597 2997 700 3060 datur.
725 2997 804 3060 Item
829 2995 976 3078 regImen,
1002 2993 1084 3074 quod
1163 3061 1166 3070 ,

117 3114 210 3178 penes
238 3095 446 3159 moderatores
469 3095 598 3158 estsine
622 3093 799 3158 sodalitatis
823 3092 992 3165 universae,
1018 3090 1092 3162 sive¹
1212 3125 1213 3130 κ

115 3193 309 3258 familiarum
340 3193 534 3276 singularum
566 3191 606 3256 ad
638 3191 900 3256 constitutionum
930 3206 1082 3262 normam,

114 3290 283 3373 EpIsccpis'
297 3292 430 3366 mutare,
455 3293 625 3372 temperare
649 3308 686 3352 ne
710 3289 812 3352 liceat.

160 3389 236 3452 963.
265 3425 309 3433 -
339 3388 396 3450 III.
425 3413 443 3448 c
458 3389 677 3470 Episcoporum
701 3387 774 3460 sunt
796 3386 876 3461 iura,
900 3384 931 3447 in
955 3383 1084 3448 dioecesi
1216 3392 1217 3396 ’

112 3487 263 3568 cuiusque
287 3505 354 3562 sua,
379 3486 557 3568 permittere
581 3485 630 3550 vel
661 3484 820 3567 prohibere
848 3501 945 3547 novas
976 3481 1084 3546 domos

114 3585 320 3651 sodalitatum
344 3585 444 3660 condi,
461 3585 538 3648 item
561 3603 641 3648 nova
665 3583 789 3647 abillis
812 3580 930 3664 templa
946 3580 1083 3653 excitari,
1186 3571 1188 3576 ’

116 3683 255 3749 oratoria
280 3701 334 3748 seu
356 3683 480 3769 publica
503 3701 559 3746 seu
582 3680 784 3764 semipubiiea
806 3679 937 3761 aperiri;
962 3696 1085 3745 sacrum
