2812 4268
323 267 376 321 432
614 272 788 318 rssacrarus
811 273 851 318 ΒΕ
874 272 996 320 IUDIGIIS

369 483 466 548 1389.
494 519 531 528 --
559 485 626 548 XX.
658 485 739 548 ltem
771 484 918 550 adversus
948 505 1158 568 quascumque
1189 489 1289 570 provi-

322 581 423 646 siones
446 584 478 645 et
494 582 615 645 decreta
632 601 684 663 pro
700 582 909 647 conservanda
925 586 982 648 aut
997 583 1189 648 restituenda
1205 584 1289 648 clau·

322 699 394 743 sura
418 679 717 753 Sanctimonialium,
742 685 799 744 aut
826 699 879 762 pro
910 682 1098 746 correctione
1122 701 1177 746 seu
1200 683 1288 764 puni·

321 778 403 840 tione
427 795 544 852 eorum,
570 779 622 857 qui
646 779 726 841 circa
740 797 895 860 personas
919 779 1214 844 iutramonasteria
1238 780 1289 844 de

320 876 437 956 gentes,
462 875 518 937 aut
542 874 621 937 circa
644 874 831 949 clausuram,
857 875 906 939 vel
922 877 1001 939 eirca
1019 876 1168 939 bonorum
1185 876 1288 940 admi·

322 971 537 1036 nistretiouem
561 972 755 1054 deliquerint.
779 974 879 1037 Prout
902 975 996 1038 etiam
1021 973 1061 1038 ab
1076 976 1216 1038 examine
1232 994 1289 1057 pro

320 1069 549 1150 approbatione,
577 1071 623 1134 vel
646 1073 859 1153 reprobatione
875 1071 1131 1136 confessariorum
1148 1074 1212 1137 siue
1228 1075 1289 1138 Rc

320 1168 487 1250 guterium,
523 1168 587 1232 sive
619 1169 835 1245 saecularium,
867 1170 1154 1252 quomodocumque
1187 1189 1288 1235 exem-

320 1268 453 1346 ptorum,
466 1269 498 1329 et
511 1269 576 1330 tam
593 1268 828 1340 ordinariorum,
847 1287 940 1348 quam
956 1269 1288 1347 extraordinariorum,

319 1381 374 1445 pro
398 1365 582 1446 excipiendis
597 1366 839 1430 confessionibus
854 1365 1050 1441 Monialium,
1067 1368 1162 1430 etiam
1180 1367 1289 1450 Regu-

319 1463 437 1526 laribus
471 1463 689 1527 subiectarum.
724 1464 898 1545 Itidemque
922 1484 941 1528 a
964 1465 1114 1539 Decretis,
1140 1466 1189 1530 vel
1212 1467 1289 1531 aliis

319 1559 562 1641 quibuscumque
575 1560 801 1642 provisionibus
812 1562 991 1644 cogentibus
1003 1561 1288 1641 administratores,

319 1657 383 1720 sive
399 1657 582 1732 saeculares,
600 1659 664 1722 sive
688 1658 846 1742 regulares
862 1659 1096 1740 quomodolibet
1113 1661 1286 1742 exemptos,

319 1753 359 1816 ad
382 1754 568 1818 reddendam
602 1757 733 1839 singulis
764 1757 852 1820 annis
883 1756 1036 1820 rationem
1067 1757 1220 1822 bonorum
1244 1759 1287 1822 ad

318 1853 506 1916 monasteria
528 1852 816 1918 sanctimonialium
840 1853 1018 1918 huiusmodi
1050 1855 1286 1937 pertinentium,

318 1967 354 2012 ac
378 1949 501 2013 demum
525 1969 543 2013 a
567 1952 822 2032 quibuscumque
838 1951 977 2015 Decretis
1011 1971 1103 2034 super
1125 1954 1287 2018 amotione

317 2047 579 2127 cappellanorum,
596 2040 807 2124 sacristarum,
820 2050 852 2112 et
868 2048 1001 2112 aliorum
1017 2067 1287 2132 quorumcumque

319 2143 499 2208 officialium
530 2148 561 2210 et
591 2147 816 2222 ministrorum,
849 2147 916 2210 tam
946 2147 1162 2224 saecularium,
1188 2165 1286 2229 quam

318 2242 532 2325 Regularium,
556 2245 631 2325 ipsis
654 2245 853 2320 Monialibus,
879 2245 927 2308 vel
950 2263 1056 2309 eorum
1080 2245 1215 2310 ecclesiis
1239 2247 1287 2310 in-

317 2340 625 2416 servientium,iuxta
633 2342 865 2424 dispositionem
879 2342 965 2408 Sacri
974 2341 1112 2419 Concilli,
1129 2342 1212 2407 Sese.
1223 2347 1284 2420 25,

318 2437 356 2499 de
379 2437 530 2517 Reputar.
548 2445 577 2502 et
592 2439 730 2504 Monac.
758 2461 825 2519 cup.
843 2443 872 2516 5,
890 2460 957 2523 cap.
974 2444 995 2503 9
1010 2443 1041 2502 ct
1055 2460 1122 2519 cap.
1139 2444 1206 2516 10;
1222 2459 1286 2506 ser·

319 2536 392 2597 vata
427 2537 541 2610 tamen,
576 2537 678 2619 quoad
711 2538 882 2621 Regulares
913 2541 944 2602 et
978 2539 1146 2620 exemptos,
1180 2539 1284 2603 forma

319 2632 492 2712 praedictae
520 2627 758 2700 Constituticnis
785 2657 809 2700 s.
830 2654 923 2700 mem.
951 2634 1094 2719 Gregorii
1116 2635 1184 2711 XV,
1202 2655 1286 2717 quae

318 2731 445 2812 incipit:
469 2732 686 2798 Insecutabo'lt'.

364 2829 460 2892 1390.
484 2867 528 2876 -
551 2832 636 2895 XXI.
660 2833 740 2896 ltem
775 2832 922 2898 adversus
957 2831 1143 2915 pastoralem
1175 2832 1285 2897 visita-

317 2926 432 2991 tionem
457 2927 613 3004 dioecesis,
642 2931 673 2994 et
707 2931 887 3012 praesertim
916 2929 1176 3016 monasteriorum
1200 2947 1283 2994 com-

317 3024 543 3102 mendatorum,
567 3027 776 3104 abbatiarum,
801 3029 1006 3110 prioratuum,
1030 3027 1062 3090 et
1086 3027 1282 3109 praepositu-

262 3187 265 3192 ,
316 3139 431 3196 rarum,
467 3122 634 3205 inquibus
668 3143 729 3188 non
763 3125 849 3209 viget
882 3117 1035 3208 regularis
1070 3124 1279 3201 observantia,

316 3236 430 3282 necnon
453 3220 669 3286 beneficiorum
704 3223 771 3286 tam
794 3225 981 3298 curatorum,
999 3240 1092 3303 quam
1117 3239 1178 3286 non
1193 3240 1281 3285 cura·

316 3317 418 3380 torum
454 3318 670 3394 saecularium,
708 3320 739 3384 et
773 3320 977 3402 Regularium
1011 3319 1279 3401 qualitercumque

315 3415 612 3492 commendatorum,
636 3417 731 3482 etiam
753 3420 982 3500 exemptorum:
998 3417 1098 3482 Prout
1120 3417 1216 3482 etiam
1239 3416 1281 3480 ab

315 3514 534 3593 exsequntione
545 3538 547 3542 ·
557 3533 674 3591 eorum,
692 3533 771 3596 quac
793 3516 826 3578 in
842 3515 908 3597 ipsa
924 3514 1102 3580 visitatione
1118 3513 1279 3591 mandata,

316 3609 447 3686 decreta,
471 3614 527 3676 ant
549 3611 687 3680 iudicata
711 3611 834 3678 fuerint.
862 3611 987 3678 Necnon
1003 3611 1148 3676 similiter
1170 3630 1189 3675 a
1213 3612 1279 3693 qui-

315 3706 505 3789 buscumque
528 3709 667 3773 Decretis
682 3712 714 3774 et
729 3709 965 3792 provisionibus,
981 3709 1077 3774 etiam
1104 3709 1190 3774 extre
1206 3709 1279 3774 visi·
