2818 4276
311 239 360 294 118
395 217 398 223 ’
465 245 639 293 saronicus
662 247 702 292 na
726 247 916 294 sussiacum
938 247 972 292 ru
995 247 1117 293 osunen

308 443 381 526 quin
405 444 507 526 potius
530 444 675 522 decernit,
698 464 760 522 eos,
786 447 839 528 qui
862 447 1080 512 tantummodo
1104 467 1122 512 a
1143 447 1270 530 populo,

307 543 363 605 aut
386 541 537 606 saeculari
560 544 715 624 potestate
738 563 774 608 ac
798 545 987 627 magistratu
1011 546 1111 609 vocati
1135 547 1166 608 et
1183 545 1273 608 insti·

307 639 380 712 tuti,
405 639 445 702 ad
468 639 543 703 haec
565 640 737 705 ministeria
761 641 925 706 exercenda
956 643 1134 716 ascendunt,
1159 645 1193 706 et
1217 641 1269 724 qui

307 756 343 800 ea
358 738 482 819 propria
498 739 674 802 temeritate
690 739 749 802 sibi
765 741 903 811 sumunt,
921 759 1027 804 omnes
1042 759 1099 804 non
1116 740 1274 804 Ecclesiae

308 835 476 910 ministros,
489 835 542 898 sed
555 835 636 899 fures
652 839 684 900 et
697 837 834 901 latrones
846 857 899 919 per
911 839 1026 902 ostium
1040 857 1100 902 non
1116 839 1275 922 ingressos

308 933 462 998 habendos
485 953 559 997 esse.
584 933 669 998 Haec
692 937 776 1010 sunt,
800 953 879 1016 quae
901 937 1074 1019 generatim
1094 955 1200 1000 sacrae
1216 934 1270 1018 Sy·

308 1031 388 1096 nodo
413 1033 513 1096 visum
537 1035 585 1095 est
608 1030 829 1096 Christifideles
852 1033 889 1097 de
923 1037 1115 1098 sacramento
1147 1031 1275 1098 Ordinis

308 1131 425 1194 docere.
439 1131 497 1194 His
509 1131 614 1194 summ
627 1131 792 1206 contraria,
809 1132 902 1194 certis
917 1133 950 1196 et
962 1133 1091 1213 propriis
1103 1131 1276 1196 canonibus

309 1228 453 1302 inbono,
479 1229 531 1308 qui
555 1228 704 1310 sequitur,
727 1229 852 1292 modum
877 1228 1024 1292 damnare
1040 1229 1222 1294 constituit:
1237 1228 1276 1290 ut

309 1342 413 1388 omnes
437 1324 604 1388 adiuvante
628 1323 751 1390 Christo
775 1325 846 1389 fidei
869 1325 977 1408 regulo
1010 1327 1142 1400 utentes,
1167 1327 1199 1388 in
1224 1326 1275 1388 tot

309 1441 447 1487 errorum
470 1423 603 1487 tenebris
626 1423 812 1488 catholicam
840 1425 1003 1488 veritatem
1026 1424 1148 1488 facilius
1174 1441 1276 1508 agno·

310 1539 391 1584 scere
415 1521 447 1583 et
469 1522 572 1583 tenere
596 1521 761 1603 possint».

355 1619 431 1682 363.
462 1655 492 1662 -
525 1617 578 1681 lV.
606 1644 624 1676 ‹<
640 1618 672 1683 Si
696 1619 764 1701 quis
780 1620 901 1695 dixerit,
918 1620 949 1683 in
967 1621 1101 1684 Ecclesia
1117 1620 1272 1685 catholica

310 1735 370 1780 non
401 1736 466 1782 esse
496 1717 698 1780 hierarchiam
729 1717 834 1781 diviua
865 1717 1057 1782 ordinatione
1080 1718 1275 1792 institutam,

310 1835 388 1896 quae
419 1815 542 1879 constat
573 1833 608 1878 ex
639 1815 798 1896 episcopie,
830 1815 1016 1897 preshyteris
1047 1817 1079 1878 et
1101 1815 1272 1885 miniatum

309 1914 475 1978 anathema
498 1913 541 1976 sit
555 1937 587 1975 ».
987 1919 990 1924 ·

355 2013 430 2076 364.
443 2048 487 2058 -
500 2011 538 2074 V.
556 2037 573 2070 e
586 2011 618 2076 si
641 2013 710 2094 quis
734 2011 855 2086 dixerit,
873 2011 1030 2093 episcopos
1046 2029 1105 2075 non
1122 2030 1188 2075 esse
1204 2029 1275 2094 pre-

311 2110 442 2193 sbyteris
466 2111 645 2192 superiores,
670 2109 718 2173 vel
742 2129 801 2173 non
824 2110 936 2173 habere
959 2111 1147 2190 potestatem
1163 2109 1271 2173 confir·

310 2208 416 2271 mandi
439 2210 470 2272 et
493 2208 670 2282 ordinandi;
695 2207 743 2271 vel
766 2226 844 2282 eam,
870 2226 962 2288 quam
986 2207 1111 2283 habent,
1127 2208 1191 2272 illis
1208 2225 1275 2272 esse

310 2325 380 2369 cum
404 2307 590 2388 presbyteris
613 2323 824 2378 communem
850 2305 898 2368 vel
922 2304 1049 2370 Ordines
1072 2308 1112 2370 ab
1128 2308 1202 2389 ipsis
1213 2306 1274 2370 col-

310 2404 391 2467 latos
414 2405 478 2468 sine
502 2405 607 2486 populi
630 2404 679 2466 vel
695 2404 860 2485 potestatis
875 2404 1042 2468 saecularis
1053 2423 1200 2469 consensu
1217 2405 1276 2470 aut

311 2501 469 2566 vocatione
491 2502 596 2566 irritos
619 2521 694 2576 esse,
719 2503 775 2564 aut
791 2520 852 2577 eos,
870 2502 922 2583 qui
938 2519 993 2565 neo
1009 2501 1048 2566 ab
1064 2503 1274 2567 ecclesiastica

311 2601 342 2663 et
365 2600 510 2664 canonica
535 2601 687 2682 potestate
710 2600 770 2663 rite
785 2599 929 2674 ordinati,
947 2619 1001 2664 neo
1017 2601 1103 2664 missi
1120 2605 1202 2676 sunt,
1220 2599 1270 2665 sed

312 2697 444 2770 aliunde,
458 2698 762 2782 veniuntlegitimos
778 2715 842 2760 esse
858 2697 944 2760 verbi
959 2699 991 2762 et
1003 2697 1272 2762 Sacramentorum

311 2795 485 2868 ministrum
510 2795 676 2858 anathema
700 2795 742 2859 sit
765 2820 796 2858 ».

299 2935 302 2938 -
356 2892 431 2955 365.
458 2930 494 2938 -
521 2892 575 2955 Vl.
604 2917 621 2950 «
638 2892 669 2958 Si
693 2893 761 2974 quis
777 2893 898 2966 dixerit,
915 2893 1083 2976 episcopos,
1100 2893 1152 2976 qui
1168 2895 1273 2958 aucto·

309 2991 404 3054 ritate
419 2991 553 3056 Romani
567 2991 725 3055 Pontifiois
741 2993 953 3067 assumuntur,
964 3009 1024 3056 non
1037 3009 1102 3054 esse
1117 2992 1274 3076 legitimos

311 3091 342 3154 et
375 3107 460 3153 veros
491 3089 658 3170 episcopos,
690 3089 743 3152 sed
773 3088 957 3173 figmentum
990 3088 1178 3163 humanum;
1201 3108 1273 3152 ana-

312 3188 417 3252 thema
441 3187 530 3252 sit».

628 3419 785 3486 ancoras
805 3417 960 3473 aurula.

358 3587 490 3651 hilarum
514 3603 631 3650 coemi.
654 3585 839 3648 Mortuost
869 3609 886 3642 «
909 3583 996 3647 Mare
1024 3602 1176 3659 amarum,
1200 3583 1273 3664 quia

311 3684 484 3748 mundanas
497 3683 622 3746 delicias
645 3682 796 3746 amaricat
819 3681 1010 3746 amatoribus
1026 3683 1100 3757 suis,
1117 3683 1149 3745 et
1164 3680 1273 3744 amari-
