2812 4268
250 363 252 368 Ι
308 287 362 353 420
600 289 775 338 TRAGI'ATUS
798 291 837 337 DE
861 291 984 338 IUDICIIS

355 506 451 570 1320.
475 543 520 552 -—
542 505 581 568 X.
605 503 707 584 Quum
732 504 853 588 procedi
884 506 1028 587 oporteat
1061 505 1278 583 criminaliter,

309 604 373 668 sive
395 603 589 668 infractionis
611 603 777 685 praecepti,
801 604 858 666 aut
873 603 1039 666 criminum
1061 604 1278 668 communium

309 701 359 766 vel
373 701 478 784 legum
494 701 648 765 Ecclesiae
671 700 851 765 violationis
874 719 978 777 causa,
994 719 1158 782 processus
1170 700 1277 765 confici

308 797 412 880 661661
442 796 549 862 formis
576 797 755 861 summariis
790 798 821 861 et
859 797 975 878 absque
999 796 1106 862 iudicii
1130 799 1276 880 strepitu,

309 897 440 962 servatis
463 915 583 978 semper
604 896 722 980 regulis
744 896 886 962 institiae
912 897 1185 961 substantialibus.

355 995 452 1058 1321.
476 1032 520 1040 -
550 994 605 1057 XI.
629 994 794 1059 Processus
827 995 993 1059 instruitur
1019 1014 1058 1056 ec
1080 993 1186 1073 officio
1220 999 1278 1061 ant

308 1094 338 1158 in
363 1093 520 1174 sequelam
536 1092 684 1174 supplicis
698 1092 796 1156 libelli
820 1093 851 1156 61
875 1092 1026 1172 querelae,
1051 1094 1108 1156 aut
1131 1093 1275 1170 notitiae,

308 1191 371 1256 alio
394 1191 498 1267 modo,
522 1210 540 1255 a
558 1188 650 1254 Curia
674 1190 799 1254 habitae
822 1191 854 1254 et
869 1189 1018 1254 adfinem
1040 1190 1225 1272 perducitur
1240 1211 1275 1256 66

307 1289 446 1365 66661116,
470 1289 507 1351 61
523 1288 607 1352 omni
623 1288 725 1352 studio
748 1289 842 1369 atque
864 1287 1029 1370 prudentia
1054 1289 1171 1352 veritas
1190 1288 1282 1353 dete-

308 1389 412 1472 gatur,
426 1388 458 1450 61
468 1386 604 1470 cognitio
621 1386 690 1450 tum
713 1386 859 1462 criminis,
873 1405 944 1449 enm
959 1386 1082 1449 reitatis
1106 1387 1164 1450 aut
1187 1387 1281 1452 1666-

308 1485 426 1550 6661166
450 1484 587 1548 66666611
610 1485 750 1567 exurgat.

355 1584 451 1646 1322.
476 1619 518 1630 -
541 1581 613 1644 Xll.
637 1581 802 1646 Processus
825 1581 975 1646 confectio
991 1581 1149 1646 committi
1172 1585 1274 1665 potest

309 1681 402 1745 alicui
411 1680 504 1763 probo
513 1679 725 1762 atqueidcneo
734 1679 1276 1755 666166166116666161661666166616.

355 1779 451 1841 1323.
475 1815 519 1824 -
546 1778 633 1840 Xlll.
658 1777 830 1858 Unicuique
853 1775 964 1841 Curiae
989 1795 1065 1858 opus
1088 1778 1137 1840 661
1159 1797 1277 1861 procu-

219 1889 222 1895 ·
308 1877 411 1939 661666
441 1873 539 1938 fiscali
569 1893 624 1957 pro
648 1875 788 1938 iustitiae
819 1875 851 1936 61
874 1873 953 1956 legis
977 1874 1087 1938 tutela.

354 1973 450 2036 1324.
485 2009 529 2018 -
563 1972 648 2035 XlV.
679 1970 838 2051 Quatenus
869 1991 923 2066 pro
947 1971 1200 2036 intimationibus
1218 1975 1272 2037 aut

194 2117 197 2122 -
308 2071 579 2146 notificationibus,
619 2070 701 2134 haud
739 2072 863 2152 praesto
902 2071 944 2133 sit
983 2089 1074 2152 opera
1113 2071 1278 2152 apparito-

307 2189 377 2232 rum
419 2167 540 2245 Ouriae,
580 2168 741 2250 suppletur
778 2168 965 2232 exhibitione
1003 2167 1182 2232 earumdem
1226 2187 1272 2232 ex·

308 2267 419 2348 plenda
439 2286 510 2349 per
544 2265 755 2347 qualificatam
794 2279 966 2347 personam,
1003 2283 1081 2348 quac
1116 2265 1153 2330 de
1188 2267 1273 2334 facto

307 2365 467 2438 certioret;
492 2365 556 2427 6166
574 2381 626 2427 666
643 2363 893 2436 transmittendo,
911 2381 966 2444 cpe
982 2362 1270 2439 commendationis,

307 2479 404 2541 penes·
420 2460 654 2524 tabellariorum
678 2459 824 2536 officium,
848 2459 912 2523 illis
935 2460 967 2522 16
990 2459 1067 2523 16616
1098 2459 1130 2522 16
1159 2460 1277 2540 quibus.

307 2557 365 2622 hoc
388 2559 521 2623 16661611
544 2559 690 2641 systema,
723 2556 909 2639 exposcenda
941 2555 1031 2620 fidem
1061 2556 1272 2633 exhibitionis,

306 2657 490 2738 receptionis
512 2657 568 2720 aut
591 2656 719 2738 repudii.

353 2752 999 2824 1325.-Χ11.Β6616166116616616661
1033 2753 1184 2816 constitui
1218 2771 1276 2836 po·

306 2852 368 2914 1661
390 2869 443 2932 per
474 2851 695 2932 expositionem
727 2853 756 2914 16
788 2846 936 2933 processu
962 2850 1114 2926 habitam,
1138 2851 1270 2915 authen-

305 2948 376 3012 ticis
413 2949 593 3014 roboratam
631 2949 903 3012 informationibus
941 2950 997 3012 aut
1030 2949 1273 3014 confessionibus

304 3045 599 3122 extraindicialibus,
624 3047 673 3110 661
697 3047 825 3112 testium
838 3045 1101 3128 depositionibus3
1118 3048 1150 3111 et
1167 3047 1270 3129 quoad

304 3144 433 3208 titulum
458 3145 713 3228 transgressionis
736 3145 901 3226 praecepti,
926 3145 1049 3208 6666161
1071 3163 1125 3226 per
1155 3164 1270 3210 novam

303 3242 521 3307 exhibitionem
545 3242 658 3306 decreti
683 3244 715 3305 et
738 3243 826 3306 66166
849 3241 1037 3318 indictionis,
1061 3243 1269 3324 perfectorum

303 3338 404 3404 modis
427 3339 596 3411 6666116116
619 3341 679 3404 art.
704 3339 764 3402 Vll
787 3342 819 3403 61
841 3339 928 3402 VHl.

351 3436 446 3500 1326.
470 3475 515 3483 -
536 3437 622 3500 XVl.
646 3437 695 3500 Ad
711 3437 902 3502 retinendam
935 3437 967 3502 in
1001 3437 1099 3520 specie
1133 3437 1275 3521 culpabi·

302 3533 426 3599 litatem
439 3536 575 3600 accusati
592 3555 669 3618 6666
692 3537 739 3600 661
762 3535 943 3618 probatione
964 3535 1069 3621 legali,
1095 3554 1174 3617 quae
1190 3535 1268 3600 talis

301 3633 458 3697 continere
490 3633 579 3698 debet
602 3633 764 3712 elementa,
788 3634 825 3697 ut
848 3633 1012 3698 veritatem
1043 3634 1176 3710 6616661,
1212 3634 1273 3698 661
