2812 4268
298 243 362 299 ’414
598 242 773 291 'PRAUI'ATUS
796 243 835 292 DE
859 245 981 294 IUDIGIIS

355 449 451 512 1284.
469 483 512 494 --
528 445 570 510 II.
586 441 716 524 Quando
733 462 804 510 reus
819 443 856 510 fit
872 446 1051 523 contumax,
1068 447 1158 511 actor
1174 452 1276 510 servm

308 566 373 612 rem
398 545 607 611 contestatam
630 543 747 625 (excipe
771 561 881 608 causas
903 543 1122 628 beneficiales),
1153 545 1277 628 etpost

310 644 497 722 sententiam
520 641 724 706 favorabilem
747 640 784 704 fit
806 659 970 723 possessor.

356 742 453 807 1285.
477 777 520 788 -
539 740 746 821 Exceptiores
761 736 922 823 (adversus
938 739 1100 826 actorem).
1116 777 1161 786 —
1177 741 1203 804 1.
1221 741 1277 806 Ex·

196 845 198 850 '
309 841 410 924 ceptio
433 840 480 904 est
502 838 636 902 actionis
658 835 805 913 exclusio,
830 856 891 918 qua
914 855 984 902 rcus
1008 838 1163 903 actionem
1187 839 1277 904 elidit

309 939 360 1004 vol
382 935 532 1002 retardat
566 934 780 1000 uxcrrrrores
807 951 907 1000 suun:
944 935 977 998 1⁰
1007 935 1203 1014 dilatoriae·
1228 938 1275 1002 rol

306 1033 554 1116 peremptoriae·
580 1033 613 1096 2⁰
625 1031 851 1114 peremptoriae
863 1032 937 1096 sunt
948 1031 1133 1111 simpliciter
1155 1055 1275 1114 perem-

305 1133 430 1214 ptoriae
454 1131 522 1214 (seu
546 1148 606 1195 non
630 1129 831 1212 impedientes
847 1130 1020 1214 ingressum
1037 1130 1113 1209 litis,
1132 1134 1276 1214 quamvis

183 1275 187 1284 -
310 1231 485 1295 avertentes
510 1228 663 1292 actionem
686 1227 876 1306 institutam,
901 1247 931 1294 v.
955 1249 996 1313 g„
1021 1231 1160 1312 exceptio
1188 1251 1275 1313 prae·

216 1335 218 1342 ’
309 1327 511 1434 scriptionis),
535 1326 585 1390 vel
609 1323 675 1388 litis
697 1310 808 1404 {tollae
832 1326 875 1408 (r.
899 1345 930 1410 g.
955 1329 1091 1410 exceptio
1126 1331 1171 1394 rei
1199 1330 1275 1394 iudi·

309 1423 453 1588 oatppgss'
489 1559 532 1570 -
556 1521 597 1585 ΙΙ.
623 1521 770 1585 Tannus:
799 1522 1056 1587 '1⁰Delensionis
1085 1525 1135 1588 ius
1159 1525 1273 1590 nemini

308 1623 498 1705 denegatum
523 1623 557 1684 2⁰
581 1620 664 1684 Reus
687 1620 735 1682 uti
758 1620 863 1702 potest
890 1621 1056 1703 multiplici
1080 1623 1273 1704 exceptione;
1387 1621 1388 1626 ’

308 1722 344 1784 3⁰
367 1720 451 1783 Reus
475 1720 599 1782 tenetur
621 1717 751 1799 probare
774 1718 991 1800 exceptionem,
1028 1721 1101 1800 quia
1128 1722 1206 1784 tunc
1227 1723 1274 1785 est

310 1817 399 1900 quasi
423 1818 528 1890 actor;
553 1817 589 1878 4ο
613 1815 696 1878 Reus
719 1815 929 1897 exceptionem
953 1816 1098 1882 obiiciens
1114 1837 1176 1882 non
1204 1837 1272 1882 cen·

310 1916 396 1980 setur
419 1913 568 1978 confiteri.

356 2012 452 2076 1287.
477 2049 521 2058 -
547 2013 650 2076 Mutua
676 2011 783 2092 petitio
808 2029 862 2075 scu
885 2023 1097 2078 anooavannro
1122 2015 1170 2078 est
1185 2019 1273 2078 actas

249 2150 252 2155 -
308 2131 368 2192 quo
402 2129 484 2187 reus,
508 2111 573 2173 viso
596 2109 711 2172 actoris
728 2096 840 2186 libello,
857 2109 994 2174 eumdem
1011 2113 1172 2175 constituit
1185 2133 1271 2176 rcum

308 2213 339 2272 ct
353 2209 491 2272 vicissim
513 2206 636 2287 aliquid
656 2205 696 2269 ab
720 2227 753 2270 eo
770 2208 853 2286 petit
874 2227 977 2272 coram
1002 2209 1105 2272 coelem
1120 2209 1221 2274 lodice
1236 2229 1272 2273 ac

309 2307 344 2369 la
368 2305 470 2369 eodem
485 2304 609 2367 iudicio.
623 2303 708 2366 Eius
724 2301 848 2381 effectus
864 2307 937 2369 sunt
947 2307 1131 2386 prorepalio
1147 2307 1270 2370 a'oro'scli·

308 2405 420 2467 ctiocois
443 2404 488 2466 ita
512 2405 548 2465 ut
571 2403 661 2466 iudex
685 2402 724 2465 ab
748 2404 850 2466 actore
873 2404 1008 2467 recusari
1031 2421 1091 2468 non
1108 2406 1217 2486 possit,
1241 2407 1271 2468 st

302 2498 470 2582 processus
492 2501 698 2564 simoltoneas
722 2502 756 2584 (i.
781 2519 807 2566 e.
831 2503 871 2566 lis
894 2502 1052 2566 dirimitur
1081 2504 1174 2568 unica
1205 2523 1270 2568 sen·
1386 2489 1387 2548 Ῐ

307 2602 430 2684 tentia).
454 2599 571 2663 Locum
595 2618 655 2663 noa
678 2600 772 2663 habet
787 2599 819 2663 in
835 2600 1058 2676 criminalibus,
1075 2601 1128 2664 sed
1145 2604 1269 2665 tantum

309 2698 362 2762 ubi
385 2697 540 2780 possibilis
564 2697 611 2760 est
634 2697 855 2778 compensatio.

356 2796 452 2858 1288.
477 2831 520 2842 --
546 2795 780 2876 replicationes
811 2799 887 2858 sons
914 2795 1017 2859 media
1048 2795 1163 2876 quibus
1184 2803 1270 2860 actor

308 2897 440 2957 certator
464 2892 669 2972 exceptionem
693 2891 808 2956 tollere.

355 2990 451 3053 1289.
478 2987 519 3036 -'-
543 2987 648 3053 Nona:
672 2989 755 3052 Reus
779 3008 899 3072 semper
921 2991 1052 3054 ultimus
1076 2992 1123 3056 est
1145 3010 1270 3073 respon-

282 3086 424 3162 ¹dendo:
449 3085 518 3150 inde
543 3087 641 3150 oritur
663 3085 844 3165 duplicatio,
877 3086 1055 3168 triplicatio,
1086 3087 1269 3168 quadrupli-

307 3185 397 3260 catis,
422 3186 491 3260 eta,
516 3203 594 3265 quaa
610 3186 716 3247 temen
736 3183 890 3248 Ecclesiae
906 3185 1021 3249 Forum
1039 3185 1195 3250 ordinario
1212 3205 1269 3252 non
1385 3237 1386 3244 .

308 3283 473 3366 permittit,
497 3301 534 3346 ne
558 3281 673 3346 iudicia
696 3283 787 3347 nimis
813 3284 1045 3365 protrahantur.
1077 3291 1079 3296 ’
1385 3291 1386 3310 ’

287 3395 293 3425 ²
355 3381 451 3444 1290.
478 3416 516 3427 ·-
544 3382 625 3447 ordo
642 3383 866 3464 cognitionum.
882 3419 925 3430 -—
941 3383 966 3445 I.
984 3380 1086 3446 Causa
1100 3383 1270 3448 criminalis

308 3477 463 3541 iudicatur
486 3481 558 3542 ante
582 3479 704 3542 civilem
728 3480 801 3560 quia
824 3480 950 3544 maioris
976 3481 1134 3544 momenti.

355 3576 450 3638 1291.
484 3611 527 3622 -
550 3577 591 3639 Il.
625 3575 826 3656 Quaestiones
855 3577 1101 3658 praeiadlcloles
1134 3579 1268 3660 primum
