2812 4268
288 233 342 286 ²208
591 235 765 284 reseratus
789 238 827 284 Du
850 237 951 284 bueus

612 481 762 542 ausurus
782 481 935 564 aarum

336 635 468 700 Mummi
492 653 659 700 mammea.
676 635 752 700 Saus
775 653 894 700 uosrru
911 636 965 700 'est
992 659 1010 694 ‹
1024 618 1134 699 Aitare
1157 653 1261 699 exem·

226 775 232 788 ·
290 733 434 816 plurium,
458 733 490 796 iu
514 751 586 815 quo,
602 733 629 798 si
645 733 714 816 quis
730 733 884 810 attendet,
913 735 1044 816 reperiet
1065 733 1166 815 plene,
1184 752 1259 814 quav

195 891 197 894 .
290 831 363 895 liter
386 832 475 896 aetus
497 832 635 896 brutales
659 832 690 896 et
713 832 859 896 bestiales
894 831 1006 896 debeat
1029 831 1201 895 occidere...
1224 831 1260 894 In

290 929 347 994 hoe
369 929 472 994 Alteri
495 930 630 994 inveniet
654 929 803 994 malleum
826 929 1017 994 humilitatis
1040 929 1079 992 ad
1103 929 1260 992 eonteren·

284 1028 366 1092 dum
381 1028 501 1093 leonem
513 1029 682 1110 superbiae,
697 1028 839 1092 aculeum
851 1027 1016 1092 eharitatis
1030 1022 1070 1090 ad
1087 1026 1259 1092 feriendum

290 1125 631 1207 serpentem-invidiae,
657 1126 822 1189 stimulum
854 1125 1050 1208 paupertatis
1078 1123 1121 1188 ad
1153 1143 1260 1206 pereu-

291 1223 431 1288 tieudum
447 1224 556 1306 lupum
572 1225 734 1300 avaritiae,
747 1224 886 1288 iaculum
902 1223 1095 1307 virginitatis
1111 1222 1152 1286 ad
1168 1223 1260 1286 iuter·

290 1321 456 1385 ficieudum
472 1339 599 1402 pereum
615 1321 843 1397 immunditiae,
860 1321 963 1402 ibique
982 1321 1087 1385 omnia
1104 1339 1195 1384 arma
1210 1339 1259 1402 pe-

291 1421 362 1482 rata
385 1419 585 1483 inveniuntur
600 1419 640 1482 ad
656 1419 820 1502 effuganda
844 1419 949 1484 emnia
972 1419 1098 1500 peecata
1114 1442 1147 1480 ».
1171 1417 1259 1500 (Ber-

292 1515 379 1581 uard.
404 1515 441 1580 de
465 1515 588 1601 Busta).

337 1614 470 1678 maria
492 1631 612 1678 iurem.
637 1614 705 1678 Ave
736 1638 754 1674 ι
771 1612 923 1680 Oouumu
939 1613 1030 1698 iguis,
1055 1631 1150 1694 quam
1173 1611 1258 1676 misit

291 1711 387 1788 Deus,
410 1713 447 1775 ut
470 1729 525 1776 uos
548 1713 737 1788 ascenderet,
762 1714 794 1775 et
825 1712 895 1795 igue
918 1729 992 1776 suae
1015 1711 1258 1796 exemplaritatis

285 1809 476 1887 illustraret,
493 1809 572 1874 etin
596 1813 712 1874 terram
736 1809 919 1893 premissam
942 1807 1149 1872 reduceret».
1175 1808 1257 1891 (Id).

287 1933 289 1938 ·
339 1907 472 1972 Murram
496 1924 613 1972 suerri.
647 1907 811 1972 Visitando
845 1906 1029 1992 ¹frequenter,
1061 1905 1208 1970 alaeriter
1229 1907 1259 1969 et

292 2005 491 2085 devotissime
507 2005 620 2070 altaria
636 2006 668 2069 et
684 2005 796 2070 sacella
820 2005 856 2066 B.
873 2003 917 2066 M.
933 2003 972 2064 V.
989 2003 1102 2067 dicata.
1120 2039 1166 2050 -
1181 2001 1260 2066 Filii

294 2101 425 2166 Mariae
448 2102 620 2166 imitatores
644 2103 742 2166 eius...
