2758 4270
238 332 241 340 ¹
315 253 366 308 304
598 258 772 306 TRACTATUS
795 259 834 305 DE
858 256 1004 304 PERSONIS

314 459 345 522 et
368 458 583 535 saecularium,
607 459 815 541 praelatorum
839 459 871 521 et
894 456 1100 530 subditorum,
1124 453 1265 534 exempto

312 574 381 618 rum
406 557 438 620 et
461 575 518 620 non
542 559 762 639 exemptorum,
797 553 982 620 uniuersalis
1012 551 1161 627 Ecclesia,
1190 553 1267 613 extre

312 671 406 734 quam
430 653 534 717 nullus
559 656 681 719 omnino
705 655 857 728 salvatur,
882 669 1014 734 quorum
1039 649 1178 713 omniurn
1196 666 1268 710 unus

312 751 360 814 est
383 750 543 827 Dominus,
568 771 629 816 una
653 752 728 816 lides
751 753 783 816 et
805 770 902 814 unum
926 748 1099 831 Baptisma,
1124 745 1218 820 dccet,
1237 745 1271 808 ut

312 866 417 912 ornnes
440 850 493 931 qui
517 850 651 914 eiusdem
678 852 750 913 sunt
765 848 910 930 corporis,
926 847 1019 909 unius
1035 844 1133 908 etiam
1150 843 1272 906 sintve
1362 897 1363 920 ,

310 943 453 1020 luntatis,
478 949 509 1010 et
532 948 613 1011 sicut
637 948 748 1010 fratres
764 945 803 1009 ad
820 945 954 1008 invicem
971 939 1095 1006 vinculo
1116 939 1272 1002 charitatis
1362 935 1363 942 ’

273 1103 274 1106 ,
311 1044 374 1108 sint
397 1045 548 1110 adstricti.
573 1047 668 1110 Decet
691 1047 799 1129 igitur,
823 1046 860 1108 ut
890 1042 1022 1126 praelati
1053 1041 1086 1103 et
1117 1039 1182 1114 alii,
1212 1039 1270 1101 tam

312 1143 443 1224 exempti
467 1163 559 1224 quam
585 1163 644 1207 non
669 1143 813 1224 exempti,
834 1142 898 1205 suis
915 1138 1034 1203 iuribus
1051 1137 1116 1200 sint
1132 1134 1271 1210 contenti,

311 1239 342 1301 et
353 1238 433 1302 alter
444 1240 475 1303 in
488 1240 617 1304 alterius
630 1241 774 1304 iniuriam
788 1257 849 1302 non
861 1237 1005 1319 prosiliat
1017 1253 1072 1298 seu
1084 1234 1236 1296 iacturam
1245 1255 1272 1291 s.

356 1334 429 1398 896.
448 1371 491 1381 -
509 1336 699 1402 [lectiones.
720 1373 758 1381 -
773 1335 798 1398 Ι.
817 1334 987 1417 Regulares
1004 1349 1059 1395 nec
1075 1348 1151 1394 voce
1166 1328 1272 1400 activa,

310 1451 364 1495 neo
381 1434 504 1514 passive
520 1435 676 1501 fruuntur.
693 1433 752 1497 nisi
769 1433 913 1497 collocati
930 1431 968 1495 de
991 1430 1113 1495 familia
1130 1429 1163 1492 in
1178 1427 1273 1508 aliquo

311 1527 471 1593 Conventu
495 1549 549 1612 per
571 1535 634 1594 tres
657 1549 777 1595 menses
800 1529 982 1593 immediate
1005 1523 1274 1610 proximostlapi·

310 1627 377 1690 tulo
401 1627 581 1692 celebrando
606 1629 719 1692 ibidem
743 1629 892 1710 perpetuo
916 1625 1145 1709 permanserint
1165 1622 1184 1684 ¹.

357 1724 432 1788 897.
451 1763 492 1772 -
510 1727 550 1789 ΙΙ.
567 1726 637 1791 Non
660 1727 734 1790 licet
757 1725 1002 1790 Provincialibus
1026 1722 1204 1788 absentium
1219 1718 1274 1782 sul·

309 1819 408 1905 fragia
431 1823 463 1886 in
486 1823 687 1888 electionibus
711 1824 862 1905 supplere.
894 1823 1002 1903 Neque
1029 1815 1276 1904 permitterent

311 1937 433 2000 praeses
456 1921 544 2002 parvi
568 1923 734 1985 conventus
758 1921 915 2004 (hospitii)
932 1921 981 1983 ius
997 1918 1143 2000 suffragii
1158 1915 1274 1980 habeat.
1363 1957 1364 2004 ,

312 2014 417 2099 Neque
440 2019 581 2100 supplere
604 2038 657 2100 per
680 2019 776 2082 alium
812 2037 913 2082 vocem
943 2015 1119 2082 Guardiani
1152 2035 1173 2078 α
1198 2010 1276 2077 aare
1363 2053 1364 2056 ,

307 2117 457 2192 potestate
481 2115 647 2179 interdicti.
663 2153 701 2162 «-
717 2115 915 2180 Consuetudo
928 2117 985 2179 aut
1000 2112 1207 2197 praescriptio
1222 2127 1274 2174 non

311 2212 414 2291 potest
437 2211 564 2287 efficere,
581 2215 617 2276 ut
640 2215 727 2276 ratae
751 2215 783 2276 ct
799 2213 921 2277 validae
938 2213 1001 2276 sint
1018 2211 1187 2275 electiones
1204 2223 1274 2290 quae

355 2519 507 2576 ¹Professi
528 2525 656 2576 votorum
675 2520 844 2589 simplicium
873 2539 930 2575 non
958 2520 1069 2574 habent
1097 2519 1143 2572 ius
1172 2513 1275 2572 ferendi

310 2608 475 2679 suffragium
494 2628 544 2677 pro
564 2610 734 2664 admissione
754 2610 789 2663 ad
818 2609 1025 2677 professionem
1056 2612 1189 2662 votorum
1217 2605 1275 2659 eim·

309 2698 425 2766 plicium
445 2698 473 2753 S.
499 2699 528 2754 O.
551 2717 603 2768 sup
633 2699 714 2754 Statu
733 2699 889 2768 Requi-,20
907 2700 981 2768 Aac.
1002 2698 1106 2763 1875):
1127 2715 1146 2750 e
1171 2692 1276 2751 fortiori

309 2787 496 2841 excluduntur
514 2805 531 2841 a
550 2787 665 2841 ferendo
685 2786 820 2854 suffragio
839 2805 889 2854 pro
908 2789 1076 2855 receptione
1096 2787 1134 2840 ad
1156 2787 1222 2840 vota
1239 2799 1276 2836 so·
1364 2815 1365 2860 l

308 2874 413 2927 lemnia
432 2873 503 2937 (eod.
519 2874 546 2926 S.
563 2872 600 2937 0,
616 2873 711 2928 7Fet.
723 2868 812 2942 1862).
833 2873 905 2926 item
925 2872 1119 2928 excluduntur
1142 2890 1160 2926 a
1172 2869 1275 2924 Praela-

307 2968 372 3018 tura
385 2979 433 3016 seu
447 2963 658 3030 superioritate:
674 2958 802 3016 “Utrum
816 2962 937 3030 professi
951 2967 1086 3019 votorum
1098 2960 1274 3031 simplicium,

308 3051 355 3120 qui
375 3069 409 3106 ex
429 3052 516 3106 allato
536 3051 663 3114 Decreto,
683 3052 776 3119 quoad
796 3052 858 3106 iure
877 3055 938 3105 tam
957 3053 1121 3121 gratiarum
1145 3056 1175 3107 et
1193 3047 1273 3118 privi-

307 3141 453 3211 legiorum,
473 3159 558 3210 quam
578 3141 652 3195 vocis
673 3141 784 3195 activae
804 3147 832 3196 et
846 3141 979 3209 passivae
993 3141 1134 3210 professis
1151 3144 1273 3194 votorum

307 3230 474 3285 solemnium
493 3231 722 3298 aequiparantur,
741 3235 773 3284 ut
793 3230 916 3298 professi
944 3235 1078 3286 votorum
1109 3228 1272 3286 solemnium

306 3319 336 3372 in
355 3319 500 3373 Praelatos
520 3337 568 3374 seu
587 3320 616 3372 in
636 3319 798 3386 Superiores
826 3321 856 3373 in
885 3321 983 3375 eodem
1013 3320 1122 3376 Ordine
1145 3321 1223 3375 licite
1246 3317 1271 3370 ct

307 3408 400 3462 valide
419 3407 486 3477 eligi
502 3409 612 3476 possint
625 3412 653 3462 et
668 3407 805 3462 valeant?
826 3409 913 3464 Sacra
927 3408 1125 3479 Concregatio
1140 3409 1273 3464 Emorum

307 3511 339 3548 ac
358 3493 501 3550 limorum
521 3495 539 3549 S
567 3495 599 3549 R.
620 3495 650 3551 E.
671 3495 864 3552 Cardinalium
884 3515 969 3567 super
983 3498 1070 3554 Statu
1084 3496 1273 3569 Regularinm‚

305 3582 434 3636 omnibus
453 3587 563 3636 mature
582 3585 736 3652 perpensis,
757 3603 841 3654 super
859 3586 1025 3655 praemissis
1048 3588 1162 3643 censuit
1180 3581 1271 3640 rescri-

305 3670 441 3725 bendum:
462 3670 624 3738 Nepatr'cc,
645 3669 691 3735 (16
710 3673 776 3728 Ian.
798 3678 889 3740 1891).
