2818 4276
346 259 381 332 84
561 281 665 327 sanor.
691 283 730 326 nn
754 281 827 328 runa
853 277 948 328 nunu!
967 281 999 326 ru
1023 281 1094 327 cau.

394 481 469 542 249.
489 515 534 522 —
560 478 601 540 ll.
625 477 720 541 Nulla
747 479 847 542 civilis
874 481 1013 561 potestas
1037 478 1182 560 impedire
1210 481 1312 559 potest

349 577 528 641 methodum
544 577 575 639 in
591 576 703 640 scholis
726 576 907 660 theologicis
928 577 1114 652 adhibitam,
1138 578 1192 640 anit
1217 576 1311 639 talem

347 676 397 738 vel
420 675 515 738 talem
540 693 645 737 sacrae
669 674 813 738 scientiae
835 676 955 756 partem
980 674 1092 738 inillis
1116 674 1313 755 proscribere.

394 772 468 835 250.
492 808 537 816 -
561 771 619 833 ΙΙΙ.
636 771 718 854 Ergo
743 771 911 835 damnandi
934 773 1023 854 impii
1036 771 1147 836 Status
1170 772 1315 844 ministri,

348 871 402 954 qui
425 869 540 932 vellent
559 870 596 932 ut
611 869 755 950 magistri
778 869 857 932 sacri
881 869 1165 953 quaedamlegant
1186 871 1246 932 aut
1270 869 1316 932 do

348 969 437 1031 ceant
461 984 539 1046 quae
562 966 698 1028 romanis
721 965 868 1029 doctrinis
884 985 944 1030 non
961 967 1034 1029 sunt
1050 966 1227 1030 omnimode
1249 985 1317 1029 con-

348 1083 433 1136 sona,
447 1065 478 1126 et
494 1082 512 1125 a
528 1061 650 1126 fortiori
672 1063 725 1143 qui
749 1062 997 1145 gallicanismum
1025 1063 1074 1126 vel
1088 1063 1314 1126 liberalismum

348 1162 379 1224 iu
404 1159 586 1242 theologicis
611 1159 721 1222 studiis
748 1159 941 1224 introducere
965 1160 1090 1225 vellent.

395 1259 469 1321 251.
493 1293 538 1302 -
557 1257 611 1318 IV.
628 1257 710 1339 Ergo
734 1257 878 1320 Pastores
902 1258 1054 1321 Ecclesiae
1078 1257 1247 1339 prudenter
1270 1259 1314 1320 in-

350 1356 504 1437 vestigare
532 1353 643 1417 dehent
666 1354 823 1434 opiniones
853 1356 884 1417 et
915 1354 1071 1422 doctrinas
1099 1375 1117 1418 a
1152 1355 1316 1436 mopistris
1385 1351 1386 1418 i

350 1451 509 1516 cotleolica's
540 1450 629 1514 loreto
651 1450 789 1526 emissos,
814 1452 907 1512 etum
930 1451 1213 1515 contradicentibus
1232 1456 1316 1531 polc-

348 1549 482 1613 stolo'bus
501 1547 653 1610 civilibus,

395 1648 469 1708 252.
494 1683 538 1690 —
553 1645 591 1706 V.
608 1645 762 1708 Debemus
785 1645 937 1708 Ecclesiae
962 1647 1164 1710 reverentiam
1188 1650 1221 1710 et
1246 1647 1316 1711 obe·

349 1743 496 1807 dientiam
520 1742 616 1806 etiam
639 1743 671 1805 in
693 1743 783 1805 rebus
806 1761 867 1806 non
894 1742 1089 1826 dogmaticis.

395 1841 470 1902 253.
486 1875 531 1883 -
546 1837 711 1906 Potestas.
728 1838 918 1902 —Ecclesia
935 1840 1028 1904 hahet
1040 1840 1089 1904 ius
1101 1841 1252 1904 inferendi
1267 1859 1315 1922 po

350 1938 496 1999 testatem
539 1938 570 1998 et
620 1935 836 1998 auctoritatem
878 1935 1023 1999 directam
1064 1939 1095 2000 ct
1134 1937 1314 2001 indirectam

352 2034 439 2115 (Pius
463 2021 518 2109 IX,
530 2034 592 2096 Lit.
617 2033 725 2114 Apost.
743 2033 800 2095 Ad
821 2032 1029 2110 Apostolc'coc,
1048 2036 1089 2096 22
1107 2055 1179 2118 aug.
1204 2036 1315 2116 1851).

396 2133 471 2195 254.
489 2169 531 2177 —
552 2132 634 2194 Hruo
661 2131 685 2192 l.
713 2131 849 2194 Ecclesia
873 2132 994 2212 praeter
1024 2133 1212 2214 potestatem
1245 2133 1315 2214 Epi·
1384 2205 1385 2216 χ

351 2229 491 2311 scopatui
514 2229 733 2303 inhaerentem,
761 2228 824 2291 alia
847 2228 1001 2291 attributa
1025 2229 1206 2310 temporalis
1230 2232 1317 2313 pote-
1384 2223 1385 2280 ἐ

352 2327 443 2390 statis
458 2327 561 2402 habet,
587 2345 665 2406 quae
684 2327 829 2389 nonsunt
853 2345 871 2389 a
895 2326 979 2388 civili
1002 2327 1130 2408 imperio
1155 2347 1314 2392 concessa:

351 2425 479 2505 ideoque
499 2425 606 2505 nequit
633 2443 668 2486 ca
691 2425 781 2486 civile
796 2424 959 2506 imperium
975 2443 1119 2488 revocare
1139 2425 1197 2506 (ld.
1215 2426 1314 2507 ibid).

397 2523 472 2584 255.
496 2559 530 2566 -
548 2521 589 2583 Il.
607 2521 742 2585 Ecclesia
758 2522 853 2584 habet
868 2523 1009 2584 nativum
1026 2541 1061 2586 ac
1077 2523 1256 2606 legitimum
1269 2525 1314 2587 ius

350 2619 527 2700 acquirendi
557 2638 593 2682 ac
626 2619 797 2700 possidendi
824 2619 912 2700 (Pius
935 2619 989 2694 IX,
1018 2621 1116 2684 Alloc.
1142 2621 1315 2700 Nooupruuu

352 2716 428 2794 sore,
453 2718 534 2798 etc).

399 2816 473 2877 256.
493 2851 532 2861 —-
553 2815 610 2877 ΙΙΙ.
627 2815 831 2896 impedientes
855 2816 1093 2879 ecclesiasticam
1116 2818 1314 2898 potestatem,

353 2915 385 2976 et
409 2914 592 2994 usurpantes
615 2913 683 2975 iura
707 2913 890 2992 temporalia
914 2913 1075 2990 Ecclesiae,
1091 2916 1153 2978 veri
1177 2918 1314 2996 raptores

351 3012 383 3074 et
407 3009 582 3091 impiissimi
605 3009 747 3092 sacrilegi
771 3009 889 3074 dicendi
913 3013 995 3074 sunt.

398 3106 473 3169 257.
491 3143 531 3152 --
549 3105 603 3168 IV.
621 3105 796 3170 Damnandi
822 3107 913 3170 etiam
938 3109 990 3188 qui
1006 3110 1193 3190 potestatem
1217 3109 1315 3172 Eccle-

353 3205 415 3267 siae
439 3205 632 3266 cocrco'to'oout
655 3204 836 3285 impediunt.
1383 3287 1384 3296 ἵ

398 3302 472 3364 258.
500 3337 538 3345 —
564 3297 776 3368 pontificatus
792 3302 957 3368 Romanos.
974 3338 1018 3348 —
1037 3303 1114 3366 Nou
1122 3307 1228 3384 potest
1250 3325 1313 3367 seo-

354 3399 449 3460 lentio
476 3397 661 3460 cirtica-raotola
682 3397 815 3461 Concilo'o'
829 3403 885 3460 oret
900 3399 1114 3463 ronioersorum
1130 3400 1314 3480 populorum
1383 3417 1384 3476 p

351 3495 433 3574 [octo
456 3493 602 3558 Souroutos
626 3494 836 3574 Ponto'jicotoc
852 3517 872 3558 a
888 3497 1031 3560 Rouumo
1053 3497 1208 3578 Episcopo
1223 3503 1312 3578 atquc

357 3591 441 3656 Urbe
464 3592 507 3653 od
528 3591 627 3654 alizam
650 3593 839 3671 Episcopum
862 3592 1020 3672 aliumque
1042 3595 1196 3658 sevitutem
1229 3600 1312 3658 trou-
