2818 4276
367 284 432 332 cns.
456 283 477 330 l.
502 285 541 332 DE
566 283 693 330 ROMANO
717 283 874 334 PONTIFIGE
1059 284 1110 338 129

136 511 157 546 «
179 485 248 548 teari
264 488 414 565 potestati
434 487 618 564 classicam
641 489 686 551 ita
709 490 746 552 ut
768 488 956 552 contendant
972 507 1050 571 quae
1068 487 1108 552 ab

136 611 157 644 «
177 585 359 667 Apostollca
383 583 459 648 Sede
483 585 530 648 vel
553 586 620 649 cius
641 587 829 650 auctoritate
846 587 884 649 ad
901 587 1037 669 regimen
1054 585 1109 650 Ec

136 709 156 742 «
176 683 293 746 clesiae
309 681 552 758 constituuntur,
563 683 625 746 vim
642 703 676 746 ac
693 685 829 748 valorem
843 703 903 747 non
916 683 1037 757 habere,
1048 683 1108 746 nisi

135 805 157 840 «
176 780 347 863 potcstatis
377 780 543 844 saecularis
574 781 688 862 placito
717 781 936 846 confirmentur
960 805 990 844 s.
1016 781 1108 844 Unus

130 880 312 944 damnatur
330 877 482 957 placitam
505 879 626 959 repam
650 899 685 943 ac
709 881 847 944 omnium
869 881 1108 943 caesaristarurn
1183 919 1184 922 =

129 978 282 1044 doctrina
295 997 313 1041 a
324 976 507 1040 liberalismi
522 978 607 1060 peste
620 978 768 1060 quotidie,
785 979 919 1062 practice
936 977 1108 1060 praecipue,

130 1077 304 1141 renovata.

186 1173 264 1236 389.
293 1209 327 1219 -
357 1173 411 1236 lV.
440 1197 457 1232 e
481 1174 521 1236 Et
549 1175 695 1254 quoniam
729 1173 825 1238 divini
848 1173 1018 1256 Apostolici
1045 1173 1109 1236 Pri-

133 1294 155 1336 «
185 1273 293 1335 matus
317 1272 382 1335 iure
405 1272 566 1336 Romanus
597 1271 738 1336 Pontifex
767 1273 926 1336 universae
954 1271 1107 1335 Ecclesiae

136 1395 155 1427 «
185 1371 319 1452 praeest,
347 1369 492 1434 docemus
523 1370 618 1432 etiarn
643 1373 675 1434 ct
706 1371 910 1442 declaramus,
942 1387 1012 1432 etum
1042 1387 1108 1433 esse

136 1493 156 1526 ‹
184 1467 319 1530 iadicem
342 1487 518 1546 supremam
548 1467 696 1546 fideliam,
722 1473 751 1530 et
774 1468 807 1530 ia
831 1467 973 1531 omnibus
1003 1467 1109 1530 caras

136 1591 157 1625 «
185 1565 232 1628 ad
264 1584 393 1628 examen
428 1563 667 1628 eeclesiasticam
696 1563 908 1645 spectantibus
937 1564 981 1626 ael
1007 1564 1110 1643 ipsias

135 1689 156 1723 «
181 1683 275 1743 posse
309 1662 458 1726 iodicium
491 1664 632 1726 recurri:
668 1663 754 1727 Sedis
790 1681 861 1726 vero
901 1661 1106 1744 Apostolicae‚

135 1788 155 1822 «
185 1761 275 1824 caios
298 1759 482 1823 auctoritate
505 1761 605 1824 maior
628 1781 691 1823 aaa
707 1767 762 1835 est,
788 1760 935 1824 iudicium
953 1779 969 1823 a
987 1759 1109 1823 nemine

135 1885 156 1920 ‹
184 1861 251 1923 fore
274 1858 484 1928 tractandum,
508 1879 606 1938 aeque
629 1849 835 1938 ecre‘qaaoa‘de
859 1860 925 1921 eias
949 1857 1039 1921 licere
1062 1859 1108 1920 ia

135 1981 156 2015 «
184 1956 292 2018 dicare
308 1954 431 2017 iudicio.
449 1953 550 2032 Quare
567 1973 585 2017 a
601 1957 684 2018 recto
703 1955 846 2019 veritatis
870 1956 996 2018 tramite
1020 1955 1108 2017 aber-

135 2079 155 2114 «
183 2055 267 2128 rant,
296 2053 348 2134 qui
379 2051 537 2116 affirmant
567 2052 657 2116 licere
681 2053 719 2116 ab
750 2051 863 2116 iudicio
894 2053 1108 2116 Romanorum

134 2177 156 2212 a
183 2149 373 2214 Pontificum
396 2149 436 2214 ad
449 2153 680 2236 pecumenicum
699 2151 870 2215 Concilium
889 2153 1050 2232 tamquam
1066 2149 1106 2212 ad

135 2276 155 2309 «
183 2250 406 2313 auctoritatem
439 2249 580 2314 Romano
613 2249 757 2314 Pontifici
782 2249 970 2332 superiorem
1002 2247 1107 2331 appel·

135 2373 155 2406 ‹<
183 2348 251 2411 lare
273 2371 304 2408 s.
330 2383 372 2392 -
396 2345 498 2423 Unus,
523 2347 691 2411 damnatur
714 2347 853 2412 doctrina
873 2346 1106 2412 Gallicanismi.

184 2445 261 2508 390.
288 2481 330 2490 -
354 2445 536 2509 Drcuuuun:
561 2445 585 2508 Ι.
614 2469 631 2504 e
656 2445 819 2508 Romanas
843 2443 997 2524 Pontifex
1026 2465 1108 2508 sane

135 2570 156 2604 «
183 2564 269 2606 mano
292 2541 391 2618 tradet,
415 2563 542 2623 eamque
565 2543 771 2620 ordinariam,
796 2545 830 2606 in
865 2543 1009 2608 Ecclesia
1040 2545 1109 2607 reni

134 2668 155 2702 ‹
183 2661 275 2704 uersa
284 2644 469 2720 potestatem
485 2643 764 2704 etauctoritatem:
782 2663 875 2722 qetctm
891 2663 953 2706 orca
970 2648 1109 2706 extraor-

135 2766 155 2800 ‹
183 2740 323 2802 dinariis
345 2737 511 2826 damtaaat
532 2738 666 2814 casibus,
690 2740 746 2802 scd
759 2759 879 2819 semper
893 2759 1035 2803 coercere
1048 2759 1107 2819 po·

134 2863 155 2898 e
185 2841 252 2913 test,
265 2839 297 2900 ct
309 2837 340 2900 in
354 2835 457 2900 fideles
473 2837 641 2913 universos,
659 2839 690 2900 et
702 2838 732 2900 in
745 2837 829 2920 ipsos
841 2837 994 2901 Ecclesiae
1008 2838 1109 2901 totius

134 2959 155 2994 e
184 2935 361 3016 Episcopos,
375 2935 447 3017 quia
465 2935 631 2999 Pastorum
648 2936 784 2999 omnium
801 2951 884 3001 uuus
900 2937 947 2998 est
960 2933 1070 2998 Pastor
1084 2960 1104 2994 »

132 3031 261 3117 (Natal.
285 3032 397 3114 Alea).

185 3131 259 3194 391.
286 3165 327 3176 -
352 3130 393 3195 ll.
418 3130 537 3195 Merito
562 3129 735 3212 Pontifices
753 3131 901 3195 sMaaioni
917 3151 979 3210 pro
1001 3151 1108 3210 sapte-

131 3249 191 3294 ma
208 3231 362 3308 potestate
384 3229 447 3292 sibi
468 3230 503 3292 ia
526 3227 670 3293 Ecclesia
686 3231 835 3293 aaiaersa
860 3229 979 3291 tradita
994 3247 1108 3293 causas

130 3325 265 3407 aliquas
295 3328 462 3391 criminata
484 3319 647 3408 propiores
674 3349 729 3392 sao
756 3333 928 3408 potaeraat
949 3326 1108 3408 peculiari

129 3423 253 3489 iudicio
274 3444 444 3488 reseruata.
476 3459 508 3468 -
536 3423 644 3487 Nota:
670 3425 743 3488 lura
764 3425 923 3488 Primatus
948 3423 1109 3507 profluunt

131 3526 207 3587 trun
232 3541 267 3586 er
290 3522 349 3586 fine
372 3523 505 3587 tuendae
524 3523 666 3596 unitatis,
683 3526 751 3586 tum
776 3543 812 3588 ex
829 3543 952 3588 summa
968 3527 1000 3588 et
1015 3523 1108 3607 plena

129 3622 303 3706 potestate,
328 3640 389 3702 qua
416 3621 558 3686 Pontifex
583 3619 623 3685 ad
653 3621 835 3704 explendum
868 3641 982 3687 munus
1013 3641 1106 3686 suum

130 3721 167 3784 in
193 3721 261 3783 tcta
284 3719 422 3784 Ecclesia
446 3717 708 3804 patitur(Soglia‚
726 3721 807 3784 Iasi.
825 3721 886 3784 iar.
907 3721 996 3802 pat,
1022 3721 1107 3804 ete).

190 3879 243 3919 9·-
258 3880 323 3921 Iurr'e
341 3881 397 3923 Can.
