2856 4276
521 279 749 324 PROLEGOMENA
1095 277 1113 326 il

747 370 873 378 -——-.

140 477 251 541 Sancti
268 477 380 542 dictati
397 477 479 554 sunt,
497 475 546 539 vel
573 477 645 557 quia
677 477 751 541 sunt
779 477 987 541 conclusiones
1022 477 1112 541 dedu-

141 577 214 638 ctae
243 593 279 637 en
306 573 464 656 principiis
495 573 574 657 legis
604 574 737 638 divinae.
763 573 825 637 Cfr.
854 573 1006 639 Sohmaln.
1031 575 1112 639 Diss.

145 673 307 736 Proemn.
325 673 400 735 231.
418 671 467 734 Ad
483 671 561 735 illud
577 674 682 736 autem
699 691 766 754 cap.
788 669 867 736 Gom
884 671 1113 741 (1111111112,

142 769 354 852 (1111111116.
379 771 409 833 in
426 770 528 834 serto:
558 795 575 828 c
599 768 677 833 Cum
700 769 737 833 de
761 769 891 834 diversis
915 769 1024 834 mnndi
1048 789 1115 852 par·

142 869 233 931 tibus
248 868 341 932 multi
361 863 516 932 confluant
531 866 696 954 adsedem
711 867 925 948 Apostolioam
947 867 1035 949 quasi
1051 887 1114 932 rna·

147 1075 270 1144 miisque
288 1074 429 1144 imperata
448 1075 608 1130 sanciendi:
629 1093 701 1144 quae
715 1074 829 1144 quidem
848 1075 944 1131 omnia
958 1076 988 1130 in
1002 1076 1115 1132 homine

148 1165 240 1234 liquet
260 1182 398 1220 essenon
418 1183 509 1234 posse,
522 1168 544 1219 si
558 1183 687 1222 nonnam
707 1167 866 1222 actionibus
887 1167 947 1234 ipse
967 1166 1024 1222 suis
1041 1185 1114 1221 sum·

148 1272 210 1308 mus
230 1255 286 1309 sibi
304 1256 452 1324 legislator
471 1255 559 1310 daret.
581 1245 654 1326 Ergo
673 1256 864 1326 consequitur,
884 1263 916 1312 ut
935 1261 1054 1312 naturae
1069 1257 1115 1312 lex

149 1344 188 1399 sit
206 1345 272 1412 ipsa
291 1346 336 1399 icoc
347 1352 471 1404 aeterno,
484 1345 572 1400 insita
584 1345 613 1400 in
626 1345 661 1398 iis
679 1345 727 1413 qui
740 1345 851 1400 ratione
870 1349 997 1410 utuntur,
1012 1364 1116 1414 eosque

147 1434 293 1500 inclinans
307 1435 345 1490 ad
364 1435 484 1490 debitum
502 1435 733 1500 111111111ιῇ111,
754 1452 843 1504 eaque
856 1439 900 1489 est
917 1435 982 1504 ipsa
1000 1441 1116 1492 aeterna

150 1524 233 1588 11110,
253 1524 388 1578 creatoris
408 1525 627 1592 universumque
646 1525 781 1578 mundum
800 1525 986 1594 gubernantis
1007 1525 1066 1580 Dei.
1080 1549 1117 1562 -

148 1611 195 1666 Ad
223 1613 299 1666 hanc
327 1612 434 1680 agendi
460 1612 588 1680 regulam
616 1613 809 1682 peccandique
838 1615 933 1668 l'ronos
961 1613 1117 1684 singularia

148 1701 293 1768 quaedam
313 1702 464 1770 praesidia,
484 1702 535 1756 Dei
557 1701 700 1766 beneficio,
721 1702 857 1758 adiuncta
876 1707 951 1768 sunt,
964 1704 1000 1758 ad
1020 1705 1123 1758 confir·

148 1791 285 1844 mandam
315 1791 436 1845 hominis
465 1792 675 1861 regendamque
704 1791 881 1846 voluntatem
907 1792 1064 1862 aptissima.
1084 1794 1117 1847 ln

149 1880 253 1958 quibus
283 1880 414 1948 princeps
434 1885 583 1950 astatque
609 1880 724 1935 excellit
751 1881 865 1936 divinae
888 1882 978 1936 virtus
995 1884 1118 1951 cratiae,-

147 1987 308 2038 quaecum
338 1975 462 2026 montem
486 1971 623 2036 illustret,
644 1971 880 2042 voluntatemque
907 1972 1026 2026 salutari
1054 1990 1117 2027 con·

150 2061 261 2115 stantia
279 2061 442 2114 roboratam
454 2061 491 2114 ad
505 2061 612 2116 morale
630 2061 734 2115 bonum
755 2079 866 2129 semper
884 2049 1022 2130 impellat,
1036 2079 1117 2129 expe-

148 2150 282 2204 ditiorem
304 2145 391 2204 efficit
410 2151 550 2218 simulque
570 2149 704 2206 tutiorem
730 2151 846 2204 nativae
868 2151 1008 2206 libertatis
1028 2168 1118 2205 usum.

150 2240 192 2292 Ac
210 2239 296 2308 longe
316 2244 359 2294 111
380 2258 397 2294 1
415 2242 538 2296 veritate
560 2241 694 2303 alienum,
713 2240 922 2295 interveniente
942 2241 1008 2304 Deo,
1025 2241 1116 2295 minus

148 2345 212 2384 1111
232 2329 335 2384 liberos
367 2334 459 2384 ructus
490 2329 678 2384 voluntarios:
698 2347 765 2382 nam
784 2331 887 2384 intima
905 2330 934 2384 in
955 2330 1069 2385 hornino
1089 2336 1118 2385 et

149 2435 216 2473 cum
235 2420 360 2474 naturali
379 2409 568 2488 ¹propensione
586 2436 742 2488 congruens
756 2424 800 2474 ost
813 2420 927 2474 divinae
941 2421 983 2474 vis
996 2421 1117 2489 gratiae,

151 2509 220 2576 quia
240 2509 276 2564 ab
296 2509 357 2576 ipso
371 2514 399 2564 et
419 2509 507 2563 animi
520 2513 549 2564 et
562 2509 720 2564 voluntatis
740 2515 853 2564 nostrae
874 2513 988 2564 auctore
1010 2516 1118 2574 manat,

151 2616 170 2651 a
197 2617 253 2666 quo
281 2615 325 2652 res
354 2617 451 2652 omnes
484 2598 685 2654 convenienter
715 2603 836 2654 naturae
865 2616 932 2653 suae
960 2603 1118 2654 moventur.

153 2689 242 2742 111110
261 2688 356 2755 gratia
384 2689 489 2755 divina,
508 2692 540 2742 ut
559 2693 655 2742 monet
683 2689 828 2758 angelicus
856 2689 970 2746 Doctor.
990 2689 1025 2743 ob
1045 2689 1118 2748 hano

150 2794 281 2830 caussam
295 2777 370 2845 quod
383 2795 401 2831 a
413 2781 533 2832 naturae
546 2777 646 2845 opifice
657 2778 851 2846 proficiscitur,
866 2777 936 2832 mire
951 2783 1020 2832 nata
1032 2784 1118 2847 atque

152 2875 221 2938 apta
231 2875 275 2924 est
285 2871 322 2923 ad
331 2871 451 2925 tuendas
462 2887 588 2938 quasque
601 2874 727 2934 naturas,
739 2871 1004 2939 conservandosque
1018 2887 1118 2934 moros,

153 2961 217 3025 vim,
238 2956 421 3014 efficientiam
440 2960 627 3030 singularum.

155 3113 156 3120 ἵ
189 3049 199 3072 “
222 3049 285 3116 Qua
312 3067 378 3104 vero
397 3051 431 3104 de
450 3051 584 3104 libertato
612 3049 787 3118 singulorum
816 3051 894 3105 dicta
922 3053 997 3112 sunt.
1017 3067 1051 3104 ea
1080 3050 1116 3103 ad

152 3139 279 3198 hominos
295 3141 377 3194 ,civili
395 3141 470 3196 inter
489 3158 518 3195 11
539 3141 675 3196 societate
707 3141 872 3196 coniunctos
893 3140 978 3194 facile
997 3141 1093 3194 transf
1111 3167 1119 3176 ·

152 3232 259 3282 runtur.
279 3228 352 3281 Nam
374 3229 449 3296 quod
467 3228 541 3283 ratio
560 3228 662 3296 lexque
681 3228 820 3282 naturalis
832 3228 862 3282 in
881 3227 1043 3283 hominibus
1063 3228 1118 3280 sin·

152 3317 235 3385 gulis,
255 3317 331 3371 idem
350 3313 437 3371 officit
451 3317 482 3371 in
495 3317 663 3372 consociatis
684 3319 728 3372 lex
740 3319 866 3372 1111111111
881 3317 917 3372 ad
929 3318 1034 3372 bonum
1047 3334 1119 3372 conr·

154 3423 237 3460 mune
257 3406 361 3460 civium
381 3407 572 3476 promulgata.
591 3433 619 3443 -
643 3407 685 3460 Ex
704 3406 849 3461 hominurn
869 3407 979 3476 legibus
999 3407 1072 3460 aliae
1091 3406 1122 3460 in

155 3511 187 3548 10
206 3499 358 3549 versantur
377 3495 452 3564 quod
472 3497 516 3549 ost
534 3495 640 3549 bonnm
659 3494 800 3548 malumve
819 3498 931 3559 natura,
948 3499 1034 3563 atque
1054 3497 1124 3548 alte·
1171 3520 1176 3537 ι

156 3602 214 3637 rum
234 3584 314 3654 sequi
334 3583 521 3653 praecipiunt,
542 3584 664 3638 alterum
683 3584 791 3650 fugere,
813 3583 947 3638 adiuncta
975 3583 1123 3638 sanctione

154 3671 335 3727 debita..Sed
354 3671 514 3726 istiusmodi
544 3671 659 3726 decreta
685 3687 866 3739 nequaquam
892 3671 999 3726 ducunt
1018 3673 1053 3725 ab
1073 3671 1124 3726 hc-
