2758 4270
272 247 337 295 CAP.
362 250 390 294 V.
416 249 455 296 DE
479 249 635 297 mouncffls
658 252 695 297 ΕΤ
718 251 934 300 absumamus
1038 250 1093 305 285

123 339 238 346 *-

167 404 245 510 ὲ47.
270 483 314 493 -
337 448 580 529 saecularizati,
604 450 707 531 quoad
732 450 902 532 beneficia,
928 455 1091 533 sequentes

120 544 348 609 declarationes
371 544 401 609 S.
427 545 513 610 Sedis
537 565 609 627 prae
633 547 729 611 oculis
757 547 912 612 habeant:
944 579 953 596 ν·
985 551 1017 612 1Ο
1041 549 1092 614 An

120 642 275 726 Religiosi
292 645 439 726 perpetuo
456 643 688 722 saecularisati,
701 645 834 727 simplici
847 647 1010 730 ResorIpto
1024 648 1093 712 Sae-

120 906 210 960 etiam
230 912 366 976 perpetuo
385 912 415 963 et
433 908 563 964 absoluto
583 909 844 964 saecularizationis
864 910 1029 979 Apostolico
1049 911 1093 965 In·

120 996 202 1052 dulto
224 997 377 1065 praeditus,
398 1015 454 1052 non
474 1003 568 1065 potest
581 999 616 1053 de
629 1000 712 1054 bonis
725 1000 877 1070 disponere
896 1001 1005 1069 absque
1018 1001 1095 1070 Apo·

121 1087 244 1140 stolioae
264 1086 328 1140 Sedi
349 1087 465 1154 speciali
483 1087 672 1155 beneplacito.
695 1091 718 1142 2.
734 1089 763 1143 si
778 1089 854 1144 dieto
875 1091 988 1145 indulto
1002 1091 1093 1160 dispo·

120 1177 209 1230 nendi
231 1181 335 1232 careat.
355 1177 400 1231 vel
420 1193 452 1230 eo
481 1177 609 1246 legitime
628 1195 695 1232 usus
717 1197 774 1233 non
794 1180 839 1242 sib,
860 1179 1093 1249 distinguendum

120 1270 164 1320 eet
183 1267 262 1321 inter
281 1268 355 1321 bona
374 1268 410 1321 ab
430 1285 462 1322 eo
490 1269 599 1332 relicta,
632 1269 691 1324 scii.
720 1270 795 1324 bona
825 1288 899 1338 qnae
928 1271 1093 1325 Monasterii

119 1361 213 1419 eraut,
235 1373 385 1425 secumque
404 1374 419 1411 e
439 1355 569 1412 Claustro
588 1358 736 1425 egrediens
754 1359 816 1427 ipse
836 1360 982 1422 attulerat,
1003 1362 1049 1414 vel
1068 1361 1094 1414 ei

119 1451 277 1514 utcumque
296 1447 479 1511 obvenerunt,
500 1447 736 1516 quemadmodum
756 1453 785 1502 et
803 1449 888 1514 bona,
909 1449 933 1503 si
953 1467 1025 1518 quae
1045 1451 1095 1504 ha·

119 1536 218 1599 bebat,
238 1553 272 1590 ex
291 1535 348 1590 illis
367 1536 572 1604 provenientia,
593 1555 642 1590 suo
657 1535 830 1592 Monasterio
849 1541 975 1592 manent.
997 1538 1094 1603 Quoad

119 1629 219 1681 autem
240 1630 354 1680 caetera
372 1627 447 1681 bona
468 1645 485 1680 a
503 1627 556 1680 tali
584 1627 723 1682 Monacho
744 1631 829 1681 entra
848 1626 982 1682 Claustra
1010 1627 1096 1682 eliber

119 1733 210 1784 quam
230 1733 264 1770 ex
282 1715 364 1770 bonis
384 1717 420 1770 ad
438 1715 605 1785 religionem
633 1717 843 1785 pertinentibus
864 1716 1007 1786 acquisita
1025 1717 1095 1772 iudi·

119 1807 245 1860 candum
265 1806 300 1860 de
319 1805 353 1858 iis
382 1805 463 1860 iuxta
492 1804 521 1860 C.
541 1805 671 1874 Gregorii
690 1807 765 1860 XIII.
796 1806 894 1874 Officii
921 1808 1020 1870 nostri,
1047 1806 1095 1860 ubi

118 1891 199 1945 dieta
221 1888 315 1944 Const·
337 1890 424 1958 viget.
444 1891 469 1944 3.
488 1890 534 1944 Ius
562 1891 730 1946 succedendi
762 1891 933 1946 haereditati
962 1891 1096 1945 Monaehi

119 1980 245 2050 professi
264 1981 426 2035 decedentis
445 1985 527 2036 extra
546 1981 686 2046 Claustra,
708 1982 755 2052 qui
774 1983 877 2050 Apost.
898 1981 1002 2035 Induit.
1022 1981 1097 2035 obti-

119 2073 182 2127 nuit
204 2071 338 2124 manendi
358 2075 439 2126 extra
459 2070 591 2126 Claustra
610 2073 645 2126 ad
665 2076 776 2141 tempus
791 2076 902 2127 retento
924 2072 1035 2134 habitu,
1049 2072 1095 2126 vel

119 2165 201 2216 veste
222 2161 265 2214 sui
285 2159 397 2214 Ordinis
417 2161 542 2224 dimissa,
565 2161 680 2215 adeius
707 2161 914 2216 Monasterium
944 2163 1058 2228 spectat
1081 2161 1103 2224 „'

119 2251 159 2310 to.
184 2249 215 2304 o.
237 2249 302 2302 nu.
323 2258 349 2305 a
367 2251 438 2314 aa,
458 2255 475 2304 n
494 2251 561 2305 rae.
575 2236 673 2316 'noea
688 2277 723 2287 -
738 2253 762 2314 o)
781 2249 968 2317 confirmatur
991 2267 1025 2304 ee
1037 2251 1096 2304 nro

7 2381 9 2394 ι
120 2342 230 2398 decreto
251 2343 325 2397 circo
340 2343 505 2409 pensiones:
527 2341 537 2365 ¹⁴
562 2344 584 2395 l.
606 2343 649 2396 An
670 2343 830 2411 pensiones,
851 2358 923 2410 quae
944 2359 961 2394 a
982 2338 1094 2407 publico

119 2432 232 2487 aerario
254 2432 401 2486 solvuntur
428 2431 615 2500 Regularibus
643 2437 725 2488 extra
753 2431 885 2486 Claustra
914 2429 1094 2499 degentibus,

119 2521 272 2576 habendae
292 2521 349 2574 sint
368 2523 516 2588 tamquam
529 2521 678 2589 pensiones
692 2521 914 2586 ecclesiasticae,
934 2520 976 2573 ita
993 2521 1027 2572 ut
1045 2535 1095 2570 na-

118 2613 186 2665 tura
206 2627 260 2664 sua
279 2610 368 2678 spolio
394 2610 580 2664 subiaceant?
600 2610 636 2664 Et
664 2615 805 2680 quatenus
826 2608 976 2678 negative:
998 2607 1021 2659 2.
1044 2604 1095 2659 Cui

119 2702 268 2768 competat
287 2703 351 2768 post
378 2699 490 2754 iliorum
519 2703 640 2754 mortem
659 2700 703 2753 ius
732 2698 909 2768 percipiendi
927 2700 1005 2750 ratas
1037 2713 1094 2747 non

6 2793 7 2800 ’
120 2792 231 2846 solutas
251 2790 390 2844 dictarum
410 2790 587 2858 pensionum,
608 2791 632 2843 si
651 2790 807 2858 Regulares
827 2787 953 2843 Profersi
972 2786 1096 2852 Aposto-

6 2925 7 2930 ,
119 2878 206 2931 licum
227 2877 332 2930 Induit.
355 2876 532 2933 obtinuerint
559 2877 694 2932 manendi
713 2881 794 2931 extra
813 2875 947 2930 Claustra
966 2875 1026 2933 sive
1058 2880 1094 2934 ad

119 2973 235 3036 tompus
255 2967 315 3021 sive
338 2967 368 3020 in
396 2967 583 3036 perpetuum?
603 2969 627 3022 3.
658 2966 708 3021 Cui
728 2971 873 3035 competat
891 2967 967 3023 idem
989 2968 1041 3034 ius,
1070 2970 1094 3022 si

119 3058 284 3113 huiusmodi
304 3058 459 3126 Regulares
486 3057 608 3112 Professi
634 3058 778 3112 Indultum
797 3057 924 3112 testandi
944 3062 973 3112 et
1000 3057 1096 3128 dispo·

6 3171 7 3214 i
119 3148 210 3204 nendi
223 3147 421 3202 obtinuerint?
434 3149 460 3202 4.
474 3145 525 3201 Cui
539 3151 682 3214 competat
695 3146 857 3215 praefatum
871 3147 926 3211 ius,
948 3147 972 3200 si
993 3151 1096 3216 agatur

6 3253 8 3306 ς
120 3237 155 3292 de
175 3236 377 3306 Regularibus,
399 3237 448 3304 qui
476 3240 545 3291 vota
564 3235 706 3305 simplicia
734 3240 846 3291 tantum
867 3237 1041 3292 emiserunt?
1059 3265 1095 3274 —

6 3317 8 3386 ὲ
119 3327 154 3382 R.
174 3327 221 3381 Ad
244 3327 267 3380 1.
288 3324 439 3393 Negative.
460 3326 504 3380 Ad
524 3328 548 3380 2.
570 3325 597 3380 si
611 3325 755 3380 indultum
771 3329 983 3394 temporaneum
998 3325 1094 3409 suerit,

6 3465 7 3468 ,
121 3415 310 3485 spectaread
332 3415 475 3483 propriam
504 3415 634 3470 defuncti
659 3415 853 3483 Religionem:
874 3415 898 3468 si
917 3419 1093 3488 perpetuum,

121 3508 158 3561 ad
178 3507 206 3561 S.
228 3505 257 3560 C.
279 3505 439 3574 SpoIIorum
460 3506 613 3562 secundum
633 3504 729 3560 Const.
749 3504 832 3573 Creg.
846 3505 922 3568 XIII,
939 3504 1031 3572 Officii
1044 3523 1096 3560 ao·

120 3599 182 3652 etri.
203 3595 247 3649 Ad
267 3596 292 3650 3.
312 3596 367 3660 lus,
387 3596 421 3649 de
442 3614 497 3664 quo
518 3595 624 3666 agitur,
643 3595 680 3648 ad
699 3612 762 3649 eum
782 3595 933 3662 pertinere,
954 3594 1031 3648 cuius
1051 3594 1093 3648 fa·

122 3703 190 3740 rore
210 3685 290 3739 facta
309 3687 353 3739 est
372 3683 528 3753 disposItIo,
539 3685 563 3738 si
573 3683 722 3753 Regularis
736 3683 899 3752 Apostolico
910 3683 1024 3738 indulto
1039 3683 1093 3736 dis·
