2758 4270
185 229 189 238 “
239 258 304 305 ore.
329 259 357 303 v.
383 258 422 304 ns
445 257 601 306 uonrcurs
623 258 662 304 nr
684 255 900 306 susurramus
1004 253 1054 307 331

86 461 267 526 versantur.
290 459 412 524 Horum
442 458 540 542 igitur
571 459 630 522 erit
660 457 834 523 sacerdotes
862 459 944 542 ipsos
977 429 1056 526 et⁴a

86 561 186 625 saeris
218 557 379 640 designare
410 557 441 620 ct
473 575 491 620 a
522 557 719 622 concionibus
751 558 890 638 probare.
919 556 1058 636 Quodsi

86 658 276 724 sodalitates
300 655 465 718 muliebres
489 655 562 728 sint,
586 654 763 737 designabit
790 655 864 719 item
890 655 1059 739 Episcopus

86 754 264 820 sacerdotes
288 772 306 816 a
330 750 569 816 confessionibus
593 754 662 816 tum
684 751 855 816 ordinarios
879 753 948 815 tum
971 755 1058 818 extra

87 852 240 924 ordinem,
265 849 304 912 ad
330 867 472 912 normam
495 846 735 912 Constitutionis
760 846 942 912 Pastorolc's
965 869 1075 914 carue-

89 971 106 1014 a
131 947 300 1012 Benedicto
324 945 409 1020 xlv,
427 946 583 1011 decessore
607 945 720 1010 Nostro
745 945 857 1021 editae,
875 966 910 1010 ao
934 949 1058 1012 Decreti

94 1044 359 1130 Quemadmodum
382 1043 449 1108 dati
465 1064 483 1108 a
498 1063 586 1108 sacro
603 1043 739 1109 Consilio
755 1044 914 1126 Episcopis
930 1047 962 1108 et
977 1045 1059 1110 Reli-

88 1147 247 1230 giosorum
281 1141 441 1206 ordinibus
470 1143 658 1224 praeposito,
682 1141 730 1208 die
758 1137 849 1205 XVII
881 1142 1059 1208 Decembris

88 1263 172 1308 anno
195 1238 411 1313 Musaeus,
436 1239 518 1321 quod
538 1240 662 1321 quidem
686 1239 843 1304 decretum
867 1240 905 1302 ad
922 1241 1058 1306 virorum

88 1341 188 1404 etiam
215 1337 457 1402 consociationes
488 1338 631 1418 pertinet,
656 1337 709 1418 qui
733 1337 828 1404 sacris
852 1338 980 1400 minime
1003 1337 1059 1401 ini-

90 1439 226 1503 tiantur.

136 1536 213 1600 969.
237 1571 280 1580 --
304 1533 359 1596 lX.
387 1533 597 1607 «Bonorum,
623 1532 735 1613 quibus
758 1531 909 1596 Sodalitia
933 1533 1060 1616 singula

90 1634 266 1718 potiuntur,
279 1630 511 1718 administratio
527 1650 618 1714 penes
634 1630 864 1695 Moderatorem
880 1649 1059 1711 supremum

90 1731 300 1796 marimamve
316 1727 503 1793 Antistitam
526 1721 694 1810 eorumque
710 1726 845 1791 Consilia
868 1747 933 1791 esse
951 1727 1058 1792 debet:

93 1827 291 1912 singularum
320 1844 392 1889 vero
421 1826 611 1890 familiarum
645 1826 786 1890 redditus
816 1845 834 1889 a
866 1825 1060 1907 praesidibus

92 1926 227 2010 singulis
258 1924 470 1988 administrari
502 1925 634 2006 oportet,
662 1943 718 2006 pro
741 1923 881 1988 instituti
912 1924 1060 2005 cuiusque

91 2026 226 2110 legibus.
251 2023 296 2086 De
316 2023 355 2086 iis
378 2022 497 2086 nullam
514 2023 683 2104 Episcopus
705 2023 859 2086 rationem
882 2023 986 2102 potest
1001 2023 1062 2086 eri-

92 2141 176 2208 gere.
201 2120 260 2200 Qui
277 2139 348 2184 vero
365 2119 452 2184 fundi
475 2122 576 2184 certae
592 2119 699 2184 domui
716 2119 828 2183 tributi
846 2119 981 2202 legative
997 2119 1062 2182 sint

92 2221 133 2286 ad
157 2221 216 2284 Dei
239 2219 360 2282 cultum
386 2217 657 2282 beneficentiamve
674 2236 725 2306 *eo
749 2218 816 2298 ipso
846 2217 914 2281 loco
941 2217 1060 2299 impen-

91 2319 243 2392 dendam3
268 2317 379 2380 horum
404 2305 706 2380 administrationem
730 2313 909 2378 moderator
935 2313 1060 2394 quidem

93 2417 207 2482 domus
230 2417 328 2499 gerat,
352 2414 466 2478 referat
489 2414 595 2478 tamen
625 2413 665 2476 ad
695 2412 892 2493 Episcopum,
918 2412 1005 2492 eique
1028 2429 1062 2476 se

94 2515 221 2580 omnino
253 2513 400 2595 praebeat
431 2511 615 2575 obnoxium:
643 2511 689 2574 ita
717 2509 864 2574 nimirum
897 2511 934 2572 ut
964 2527 1062 2592 neque
1126 2553 1130 2563 ·

93 2611 277 2694 Praeposito
309 2629 406 2690 neque
437 2608 609 2673 Antistitae
636 2607 772 2674 sodalitii
804 2608 940 2672 universi
967 2607 1063 2672 liceat

94 2710 266 2794 quidquem
291 2727 326 2772 ex
346 2709 385 2772 iis
408 2707 497 2771 bonis
520 2707 671 2789 Episcopo
696 2707 861 2782 occultare,
875 2706 1060 2780 distrahere,

94 2809 144 2874 vel
168 2809 200 2872 in
217 2807 333 2870 alienos
349 2824 424 2868 usus
441 2807 625 2868 convertere.
650 2805 774 2868 Talium
796 2805 895 2889 igitur
909 2805 1061 2868 bonorum

94 2907 266 2989 Episcopus
294 2903 431 2966 rationes
459 2903 577 2991 accepti
607 2903 809 2986 impensiquc,
835 2902 956 2983 quoties
980 2901 1062 2964 vide
1098 2927 1100 2933 ·

92 3006 189 3077 bitur,
215 3001 380 3084 expendet:
405 3000 488 3064 idem
511 3019 549 3064 ne
576 3003 675 3066 sortes
696 3001 897 3076 minuantur,
922 2999 1062 3062 redditus

95 3122 131 3168 ne
155 3119 317 3185 perperam
339 3100 515 3182 erogentur,
540 3099 671 3163 curabit.
913 3107 916 3113 “

140 3199 216 3262 970.
241 3233 285 3243 -
301 3196 340 3259 X.
361 3220 378 3254 c
402 3195 505 3258 Sicubi
529 3195 734 3260 sodalitatum
764 3194 891 3258 aedibus
915 3194 1062 3258 instituta

94 3295 230 3361 curanda
248 3295 370 3358 adiecta
386 3295 459 3367 siut,
476 3294 525 3356 uti
534 3312 701 3376 gynaecea,
718 3292 991 3375 orphanotrophia,
1008 3310 1062 3354 va·

94 3395 293 3468 letudinaria,
314 3393 446 3468 scholae,
464 3391 551 3473 asyla
568 3392 671 3474 pueris
687 3389 872 3467 erudiendis,
888 3389 1063 3472 Episcopali
1083 3437 1086 3443 .

95 3492 279 3577 vigilantiae
302 3509 338 3554 ca
362 3489 466 3553 omnia
483 3489 604 3554 subsint
621 3489 702 3570 quod
719 3489 839 3572 spectat
855 3487 895 3550 ad
904 3487 1064 3570 religionis

95 3589 288 3674 magisteria,
308 3588 503 3652 honestatam
519 3607 652 3662 morum,
669 3586 902 3682 exercitatiopes
924 3585 1062 3666 pietatis,

96 3707 253 3754 sacrorum
277 3684 589 3758 administrationem,
607 3685 736 3769 integris
752 3687 858 3748 temen
881 3681 1062 3768 privilegiis,
