2758 4270
262 240 326 298 342·
541 242 714 290 TRAOTATUS
738 244 778 290 DE
801 243 946 290 PERSONIS
1030 287 1032 292 ,

261 441 293 506 11
305 442 493 525 adigantur,
517 443 605 508 firmo
627 446 804 508 remanente
828 444 943 525 quoda
960 443 990 506 S.
1009 443 1145 508 Concilio
1166 443 1239 506 Tri-

134 583 135 586 *
262 538 387 606 dentino
411 543 443 605 et
465 561 484 606 1
507 539 738 607 Constitutione
761 561 785 606 s.
810 563 852 606 m.
868 543 1028 606 Benedicti
1046 537 1122 624 XIV
1137 542 1237 624 incip.

262 637 445 704 Pastorab'e
466 661 559 704 carae
583 641 806 722 praescriptum
829 641 963 706 habetur
982 665 999 700 r
1020 639 1051 728 Si.
1069 639 1102 704 Ο.
1120 639 1184 703 ΕΕ.
1201 641 1238 702 et

262 734 340 811 RR„
359 737 374 798 1
394 736 481 800 Febr.
504 737 600 802 1892.

308 835 383 898 992.
407 873 451 882 —-
477 861 495 896 ‹
514 838 542 900 1.
567 835 642 916 Quis
666 837 723 901 sub
746 837 869 902 nomine
893 837 1043 918 praesulis
1067 836 1116 900 vel
1139 855 1235 919 supe·

262 931 362 1008 rionis,
386 935 474 997 cuius
497 936 545 998 cst
568 934 701 999 subditis
723 934 885 1000 concedere
909 935 957 998 rel
980 934 1131 1018 denegare
1158 952 1237 998 con-

263 1028 424 1094 fessarium
448 1031 735 1109 extraordinarium,
757 1032 972 1116 intelligitur?
1003 1032 1053 1096 An
1079 1033 1145 1114 ipse
1178 1033 1234 1120 qui

263 1126 451 1192 ordinarium
463 1129 681 1194 confessarium
696 1129 868 1212 deputavit,
882 1130 931 1193 vel
942 1130 1047 1212 potius
1056 1130 1110 1210 qui
1122 1129 1234 1194 domui

262 1226 394 1306 praeest,
417 1225 481 1289 site
505 1226 553 1290 vir
575 1227 626 1304 sit,
650 1227 714 1291 sive
737 1227 869 1291 foemina
885 1229 900 1289 1
916 1262 957 1272 -
972 1229 1002 1290 2.
1027 1225 1106 1290 Cum
1130 1227 1236 1290 crde·
1276 1239 1281 1244 ·

262 1322 357 1396 creto,
381 1323 528 1404 superior,
552 1324 736 1405 quicumque
763 1325 815 1400 sit,
845 1327 978 1406 nequeat
1007 1325 1232 1388 confessarium

263 1418 538 1484 extraordinarium
562 1421 722 1505 denegare,
746 1423 841 1486 immo
866 1441 920 1485 neo
936 1441 1027 1506 aegre
1043 1440 1074 1484 se
1087 1422 1165 1486 ferre
1182 1441 1235 1504 pe-

263 1516 405 1580 titionem
418 1517 638 1593 demonstrare,
652 1520 813 1583 teneturne
826 1519 942 1582 subditi
955 1519 1100 1602 precibus
1111 1537 1237 1601 semper

262 1611 431 1698 indulgere,
445 1617 586 1695 quamvis
598 1615 1233 1697 11111111111111111111111111111111111,

263 1710 304 1785 et,
329 1712 378 1774 vel
401 1713 553 1794 scrupulis
576 1714 625 1777 vel
648 1714 710 1778 alio
734 1713 847 1777 mentis
870 1711 1001 1788 defectu,
1017 1714 1053 1776 nt
1069 1732 1174 1776 veram
1191 1715 1234 1777 ab

86 1839 108 1908 ··
191 1874 193 1880 ,
262 1807 328 1889 ipso
351 1811 473 1890 petente
496 1811 744 1892 apprehensam?
758 1848 791 1856 -
815 1809 846 1874 3.
863 1810 1001 1885 Praesul,
1018 1811 1071 1892 qui
1087 1829 1124 1874 ex
1139 1810 1237 1875 dietis

263 1906 483 1972 confessarium
506 1908 783 1978 extraordinarium
812 1907 936 1972 subdito
968 1907 1118 1996 concedit,
1151 1907 1233 1973 desi·

262 2021 357 2084 gnare
380 2003 470 2068 debet
493 2004 524 2068 in
547 2024 729 2088 unoquoque
753 2025 827 2070 casu
850 2005 1036 2070 nominatim
1066 2024 1233 2086 personam

263 2101 360 2183 ipsius
383 2104 571 2178 confessarii,
596 2104 645 2169 vel
667 2104 749 2168 idem
772 2103 936 2187 religiosus
963 2102 1075 2186 eligere
1106 2105 1234 2184 poterit,

263 2198 343 2264 inter
354 2199 490 2264 diversos
500 2200 539 2264 ab
551 2201 712 2266 Ordinario
725 2201 890 2284 deputatos
903 2200 955 2282 qui
970 2199 1028 2263 hoc
1040 2199 1101 2264 sibi
1116 2219 1235 2264 munus

262 2296 417 2378 impleat?
441 2333 484 2342 —
508 2299 539 2361 l.
562 2298 677 2363 Utrum
702 2297 1168 2378 Constitutionesquarumdam
1185 2297 1233 2362 fa-

262 2394 420 2458 miliarum
433 2395 660 2478 religiosarum,
674 2396 786 2477 quibus
801 2397 927 2460 vetatur
942 2413 978 2458 ne
994 2395 1146 2458 moniales
1166 2395 1236 2459 sive

262 2491 400 2575 religiosi
416 2490 541 2558 Sacram
557 2493 786 2558 Eucharistiam
810 2493 960 2575 recipiant
983 2491 1067 2555 ultra
1083 2493 1185 2556 certas
1203 2494 1238 2556 et

262 2590 400 2654 statutas
424 2585 498 2666 dies,
523 2591 692 2675 abrogatae
716 2592 839 2668 luerint,
864 2592 896 2654 in
912 2591 968 2654 hoc
983 2589 1095 2670 capite,
1109 2590 1236 2654 decreto

265 2686 304 2750 17
329 2686 402 2750 Deo.
429 2687 524 2764 1890,
548 2688 594 2753 ita
618 2691 654 2754 ut
677 2690 721 2754 eis
744 2692 805 2754 non
830 2689 1027 2754 obstantibus
1050 2687 1236 2754 1111111011-

158 2801 164 2823 1
261 2785 388 2850 fessario
413 2787 650 2867 frequentiorem
667 2807 823 2852 aceessum
835 2787 900 2852 suis
912 2785 1065 2868 religiosis
1077 2787 1236 2866 poeniten-

262 2884 346 2948 tibus
369 2884 549 2950 ooncederc:
574 2886 622 2950 vel
646 2886 748 2950 adhuc
764 2884 1056 2968 postmomoratum
1072 2883 1233 2950 decretum

261 2981 293 3045 in
310 2981 416 3066 vigore
440 2984 600 3046 maneant?
617 2996 660 3028 -·
673 2984 711 3047 R.
728 2984 777 3048 Ad
795 2987 853 3046 lum
869 2981 1024 3064 Negative
1040 2980 1080 3044 11
1096 2981 1234 3062 primam

261 3080 399 3161 partem3
423 3079 610 3145 affirmative
634 3081 674 3144 ad
697 3077 990 3145 secundam-Ad
1008 3077 1232 3144 2111111111-

261 3178 341 3251 tive3
366 3177 418 3242 sed
442 3177 559 3242 subditi
582 3180 767 3242 moneantur
791 3195 851 3242 non
867 3195 954 3258 posse
971 3175 1238 3244 extraordinarios

260 3274 460 3350 confessarios
483 3277 596 3357 petere,
621 3275 680 3340 nisi
704 3275 744 3339 11
767 3275 800 3340 11
823 3273 993 3358 adigantur
1019 3274 1057 3336 ut
1090 3273 1238 3366 propriae

260 3371 464 3436 conscientiae
488 3372 714 3437 consulant—
726 3372 776 3437 Ad
799 3373 859 3435 3¹lm
876 3370 1032 3454 Negativa
1044 3371 1084 3434 ad
1100 3370 1238 3452 primam

202 3501 204 3508 ι
260 3471 399 3551 partem
422 3469 611 3534 affirmative
634 3469 675 3534 ad
698 3469 876 3534 secundam.
892 3505 937 3514 —-
951 3465 1019 3546 Quo
1038 3487 1110 3536 vero
1127 3468 1168 3532 ad
1184 3488 1239 3550 po·

261 3569 412 3632 stremum
435 3567 574 3642 dubium,
601 3567 683 3648 quod
706 3567 946 3648 frequentiorem
972 3565 1012 3628 11
1037 3563 1067 3630 S.
1088 3563 1238 3648 Synaxim

260 3682 416 3727 emessam
440 3683 535 3745 quarn
557 3664 664 3730 diebus
688 3665 819 3733 statutis
842 3665 875 3728 in
898 3663 1032 3745 propriis
1054 3664 1175 3747 regulis
1190 3685 1239 3728 re-
