2758 4270
281 277 346 323 CAP.
369 276 399 322 V.
423 275 463 322 DE
487 273 641 322 Mounesis
663 273 702 322 ΕΤ
724 273 940 322 enuntiamus
1043 271 1097 326 339

125 477 314 558 penitusque
337 475 561 558 expungantur.
587 474 695 538 irritat
717 473 834 556 pariter
849 491 885 536 ac
908 471 991 536 delet
1007 489 1096 553 quos-

70 595 72 600 ·
123 574 206 638 libet
230 592 266 636 ea
290 573 326 636 de
350 591 382 636 re
405 590 480 636 usus
502 573 535 635 et
556 571 794 636 consuetudines
816 570 910 634 etiam
936 569 1095 634 immemo-

124 671 253 736 rabiles·
482 735 483 740 χ

174 769 250 832 984.
275 805 319 814 -
343 768 383 830 11.
411 791 429 826 ‹
444 767 593 832 Districte
610 766 735 848 insuper
743 764 896 846 prohibet,
912 765 1094 830 memoratis

124 866 337 948 superioribus
369 883 405 930 ac
435 864 646 947 superiorissis
676 863 897 945 cuiuscumque
924 863 1040 946 gradus
1063 864 1095 926 et

126 963 389 1046 praeeminentiae
412 963 484 1037 sint,
499 981 536 1025 ne
559 979 706 1044 personas
720 961 780 1025 sibi
797 961 937 1026 subditas
954 960 1095 1024 inducere

126 1061 306 1144 pertentent
329 1061 444 1124 directe
473 1061 530 1124 ant
559 1059 716 1134 indirecte,
752 1060 926 1141 praecepto,
957 1057 1094 1136 oonsilio,

115 1159 252 1234 timore,
276 1158 379 1234 ninia,
403 1159 460 1221 aut
482 1155 644 1221 blanditiis
669 1155 709 1220 ad
723 1155 902 1221 huiusmodi
918 1155 1095 1222 manifesta·

124 1257 247 1320 tionem
263 1254 766 1337 conscientiaesibiperagendam3
784 1253 1010 1335 subditisqne'e
1024 1271 1094 1317 eon-

127 1372 218 1418 verso
239 1353 405 1436 praecipit,
428 1353 465 1415 nt
488 1352 697 1434 superioribus
719 1351 888 1416 maioribus
911 1351 1095 1415 denuncient

125 1452 300 1534 superiores
323 1451 467 1525 minoren,
492 1450 546 1531 qni
569 1469 620 1514 eos
644 1449 683 1513 ad
708 1449 738 1512 id
762 1449 905 1512 inducere
940 1447 1092 1522 audeant3

125 1552 160 1613 et
183 1550 210 1612 si
234 1547 407 1632 agatur-de
431 1547 625 1612 moderatore
649 1547 698 1611 vel
720 1546 924 1613 moderatrice
947 1545 1094 1630 generali,

114 1646 326 1711 denunciatio
349 1645 421 1708 huie
446 1645 477 1710 S.
501 1643 743 1728 Congregationi
767 1644 805 1708 ab
829 1644 868 1708 iis
892 1642 959 1706 fieri
974 1643 1094 1707 debeat.

175 1744 251 1807 985.
266 1779 307 1790 -—
325 1743 382 1806 lli.
399 1770 413 1798 «
424 1743 493 1807 Hoc
508 1745 614 1806 autem
630 1743 758 1806 minime
774 1741 914 1824 impedit,
929 1741 1095 1822 quominus

125 1840 247 1905 subditi
270 1841 364 1904 libere
388 1859 423 1903 ac
445 1840 529 1904 ultro
553 1841 669 1921 aperire
693 1858 784 1904 suum
808 1837 1096 1919 animumsuperio·

124 1939 212 2003 ribus
236 1938 362 2002 valeant
393 1937 432 2001 ad
462 1937 605 2002 effectum
633 1938 672 2001 ab
700 1937 827 2001 illorum
854 1935 1029 2018 prudentia,
1059 1935 1091 2000 in

124 2037 230 2100 dubiis
258 2055 295 2100 ac
325 2035 544 2112 anxietatibus,
575 2035 739 2098 consilium
763 2037 795 2099 et
818 2034 1017 2114 directionem
1044 2035 1095 2098 ob·
1200 2036 1203 2042 '

125 2133 246 2198 tinendi
268 2153 326 2220 pro
349 2135 499 2196 virtutem
521 2133 726 2213 ocqemitioce
749 2152 785 2196 ac
808 2132 1004 2215 perfectionis
1027 2150 1095 2214 pro·

127 2251 248 2316 gressu.

174 2331 250 2394 986.
277 2367 317 2376 -·
344 2329 398 2394 IV.
427 2329 642 2405 «Praeterea,
667 2329 756 2395 firmo
785 2330 963 2394 remanente
990 2329 1093 2410 quoad

125 2427 331 2492 confessarios
355 2427 526 2491 ordinarios
549 2429 581 2490 et
604 2426 861 2491 extraordinarios
887 2425 1094 2490 communita·
1141 2436 1145 2442 ·

126 2526 197 2588 turn
211 2525 293 2606 quod
306 2544 324 2588 a
337 2520 522 2588 'Sacrosanto
535 2522 670 2588 Concilio
683 2524 862 2588 Tridentino
875 2523 1095 2606 praescribitur

66 2633 69 2639 '
127 2624 159 2686 in
172 2641 247 2687 sees.
263 2623 315 2697 25,
329 2641 395 2704 cap.
412 2623 463 2697 10,
472 2621 523 2685 De
535 2621 660 2702 Roget,
674 2623 706 2686 et
717 2641 735 2686 a
748 2641 824 2685 am.
837 2621 995 2686 Benedicti
1020 2619 1093 2684 XIV

126 2721 284 2786 statuitur
310 2719 342 2782 in
374 2717 490 2794 Oonst,
515 2737 593 2798 quae
616 2719 743 2801 incipit:
769 2717 949 2783 Postorolis
981 2717 1093 2793 Gerae,

127 2815 286 2881 Sanctitas
302 2816 363 2880 Sua
380 2816 538 2898 praesules
556 2818 790 2898 superioresque
808 2817 964 2894 admonet,
988 2835 1025 2880 ne
1048 2835 1096 2880 sr-

126 2914 372 2979 traordinarium
396 2915 547 2997 denegent
570 2914 703 2979 subditis
726 2915 946 2980 confessarium
973 2914 1093 2996 quoties

128 3015 165 3078 ut
189 3013 331 3096 propriae
354 3013 558 3077 conscientiae
586 3013 750 3077 consulant
773 3013 812 3076 ad
835 3013 868 3076 id
890 3012 1006 3076 subditi
1031 3011 1095 3076 adi·

128 3111 254 3194 gantur,
280 3111 353 3192 quin
377 3110 470 3174 iidem
494 3111 664 3192 superiores
683 3111 748 3174 ullo
766 3110 857 3175 modo
874 3100 1032 3193 petitionis
1048 3128 1094 3173 ra·

129 3209 246 3273 tionem
264 3207 439 3298 inquirant,
464 3209 520 3271 aut
543 3227 633 3290 aegre
656 3207 689 3270 id
711 3208 789 3271 ferre
812 3207 1033 3273 demonstrent.
1050 3208 1095 3270 Ao
1173 3245 1174 3250 κ

129 3325 166 3370 ne
179 3305 310 3370 evanida
326 3308 400 3370 tam
409 3305 538 3388 provida
551 3305 711 3388 dispositio
724 3305 791 3380 fiat,
804 3305 981 3370 Ordinarioa
993 3305 1095 3368 exhor·

129 3405 227 3479 tatur,
245 3403 282 3466 ut
304 3404 336 3467 in
359 3403 435 3467 locis
458 3403 599 3486 propriae
623 3404 805 3479 dioeceseos,
829 3405 859 3467 in
887 3405 999 3486 quibus
1030 3421 1097 3466 mu·
1133 3451 1136 3456 .

117 3501 242 3565 dierum
261 3501 500 3565 communitates
528 3502 690 3577 exsistunt,
717 3499 844 3580 idoneos
866 3500 1037 3565 sacerdotes
1052 3500 1096 3564 fa·

128 3599 302 3664 cultatibus
317 3599 486 3663 instructos
502 3599 674 3682 designent,
687 3598 727 3662 ad
739 3617 816 3680 quos
832 3617 885 3680 pro
901 3599 1095 3663 sacramento

129 3696 338 3778 poenitentiae
354 3715 508 3760 recurrere
530 3694 697 3774 'eaeiaoile
721 3698 845 3778 queant.
