2818 4276
295 225 345 280 158
421 225 594 274 TRAGPATUS
618 225 658 272 DE
681 223 873 272 HIERAEGHIA
896 217 1137 268 IURISDICTIONIS

293 423 469 496 sumuntur,
493 423 525 484 ct
540 422 577 484 ut
591 419 820 502 repraesentent
843 417 874 482 S.
890 415 1074 482 Pontificem
1092 430 1192 496 penes
1209 427 1274 474 sec·

294 520 413 583 culares
436 519 596 600 principes,
613 536 781 598 eorumque
796 513 1096 579 internetionalibus
1116 509 1275 574 delibere-

294 618 430 682 tionibus
454 617 602 680 essistout
627 612 648 678 ¹.
662 614 783 678 Melius
805 611 1053 678 concludendum
1077 630 1151 674 cum
1171 604 1275 673 θανά.

341 884 422 940 ¹Die
442 887 476 938 14
495 885 583 952 April,
613 884 681 938 1855
711 885 806 937 limus
835 901 852 936 a
881 881 1003 937 Secretis
1036 880 1137 934 Status
1168 873 1277 930 Leonis

299 973 349 1028 PP.
369 975 444 1028 XllI.
463 974 635 1042 improbavit
650 973 791 1041 quoddam
807 973 944 1040 scriptum
966 970 977 993 ⁸
995 969 1045 1023 ubi
1058 967 1217 1036 Episcopis
1232 963 1278 1016 fas

298 1081 359 1118 esse
378 1063 521 1125 asseritur,
542 1063 577 1115 ab
596 1062 673 1128 illius
702 1063 883 1126 auctoritate,
904 1059 953 1130 qui
971 1057 1098 1112 Romani
1121 1051 1279 1108 Pontifieis

298 1167 448 1218 personam
467 1150 549 1218 gerit,
568 1166 598 1202 se
616 1149 646 1202 in
664 1149 748 1202 rebus
768 1166 841 1217 quae
860 1149 897 1202 ad
919 1145 1105 1216 Religionem
1136 1141 1279 1204 attinent,

284 1239 490 1302 ,subducendt
510 1255 594 1306 quum
622 1237 691 1305 ipsis
721 1239 864 1306 propriam
893 1235 1099 1292 conscientiam
1124 1231 1279 1287 consulere

299 1327 368 1380 satis
388 1327 439 1380 sit:
459 1327 541 1380 iniis
561 1343 633 1394 quae
652 1331 682 1380 et
701 1327 813 1380 civilem
833 1327 917 1380 simul
937 1329 967 1380 et
986 1323 1155 1393 religiosum
1181 1335 1280 1375 rerum

298 1415 424 1470 ordinem
445 1415 600 1483 attingunt,
620 1413 679 1468 sive
697 1415 816 1483 legibus,
837 1417 897 1468 sive
915 1414 1004 1467 factis
1024 1413 1168 1480 cuiusque
1181 1409 1280 1463 Domi·

299 1506 384 1556 natus
397 1502 539 1556 censoriae
554 1502 715 1556 severitatis
728 1506 826 1556 uotam
839 1502 972 1556 inurendi
984 1500 1091 1569 potiori
1102 1517 1170 1553 curn
1181 1495 1280 1567 quoad

301 1591 525 1660 amplitudinem,
544 1594 604 1644 tum
630 1607 695 1644 vero
725 1592 814 1646 etiam
842 1591 937 1659 quoad
966 1590 1177 1652 extensionem,
1208 1601 1280 1656 prae

301 1679 408 1734 Nuntio
428 1679 598 1746 Apostolieo,
611 1679 782 1746 Episcopum
795 1679 856 1732 iure
870 1679 995 1746 pollere:
1010 1677 1116 1730 Nuntii
1130 1677 1280 1730 actionem

302 1768 431 1820 humanis
450 1767 606 1820 rationibus
625 1767 794 1836 praepediri,
819 1767 1025 1835 Episcoporum
1054 1783 1124 1820 vero
1155 1765 1279 1818 liberam

303 1871 377 1908 esse:
397 1853 499 1906 Nuntii
517 1853 585 1908 item
604 1854 762 1921 Apostolici
781 1849 904 1908 officium
924 1853 960 1906 iis
980 1852 1116 1922 negotiis,
1139 1869 1216 1920 quae
1243 1847 1279 1902 ad

303 1946 413 1996 exteras
431 1941 555 2008 iurisque
575 1941 680 2008 publici
699 1941 774 1995 inter
793 1941 950 1994 Ecclesiam
977 1941 1153 2008 civilemque
1179 1935 1280 1992 Domi-

302 2032 400 2082 natum
419 2029 571 2082 relationes
591 2033 730 2096 spectant,
751 2029 902 2101 contineri;
917 2029 1127 2096 Ep'scoporum
1141 2045 1210 2080 vero
1226 2023 1279 2092 (of·

304 2119 410 2182 ficium)
430 2119 565 2182 internas,
585 2123 671 2186 atque
691 2119 727 2172 ad
745 2120 786 2173 rei
806 2119 895 2181 ipsius
921 2123 1056 2172 naturam
1088 2118 1279 2185 pertinentes,

305 2225 375 2274 quas
394 2207 469 2261 inter
486 2211 636 2274 utrumque
664 2207 842 2275 Principatus
872 2207 947 2261 Deus
976 2207 1091 2272 statuit,
1121 2206 1279 2262 relationes

306 2295 463 2361 attingere:
482 2294 558 2346 haud
577 2311 672 2346 verurn
687 2311 756 2357 esse,
770 2295 852 2362 quod,
868 2299 901 2348 ut
913 2294 975 2362 ipse
989 2294 1114 2361 scriptor
1128 2293 1179 2357 ait,
1196 2292 1280 2360 ephe·

307 2381 443 2436 meridum
474 2399 551 2435 more
579 2383 720 2446 asseritur,
749 2383 888 2435 Nuntium
917 2381 1087 2436 essentiales
1117 2381 1280 2435 Ecclesiam

306 2469 382 2522 inter
401 2473 430 2523 et
442 2469 554 2522 civilem
567 2469 760 2536 Principaturn
774 2470 926 2524 relationes
940 2469 1136 2537 praeseferre;
1157 2469 1281 2536 ideoque

307 2575 399 2626 neque
418 2557 633 2622 Censorinorum,
652 2575 743 2625 neque
762 2559 965 2626 Episcoporum
995 2559 1100 2612 debere
1125 2560 1157 2612 in
1176 2556 1280 2611 Nuntii

308 2647 463 2715 Apostolici
483 2647 681 2715 praecipientis
701 2647 901 2701 auctoritatem
920 2649 1017 2702 oculos
1037 2665 1101 2702 esse
1117 2663 1280 2708 conversos,

309 2740 340 2790 ut
359 2735 446 2804 ipsius
465 2735 608 2788 mandatis
628 2735 704 2789 vitae
723 2753 789 2788 suae
808 2736 948 2790 rationem
977 2736 1183 2792 conforment:
1214 2735 1281 2788 Eius

309 2825 358 2893 qui
368 2823 511 2878 Pontificis
522 2825 641 2876 Romani
654 2841 800 2892 personam
812 2825 894 2892 gerit,
904 2821 1028 2879 officium
1044 2829 1281 2895 potestatemque

308 2916 337 2967 in
357 2913 478 2981 quodam
498 2911 615 2980 speciali
633 2929 724 2965 rernm
744 2913 850 2977 ordine,
870 2914 919 2980 qui
939 2915 974 2967 ad
995 2915 1038 2968 ius
1053 2916 1205 2982 publicum
1221 2931 1281 2982 por·

309 3003 390 3066 tinet,
406 3001 523 3063 verseri3
537 3000 641 3067 quique
655 3001 689 3053 ab
704 3017 736 3054 eo
749 3001 846 3054 ordine
860 3020 915 3070 quo
930 3001 1072 3056 Catholici
1086 3005 1282 3065 continentur,

309 3093 434 3159 itemque
453 3091 488 3143 ab
508 3106 549 3146 eo,
569 3107 623 3156 quo
643 3089 775 3157 cuiusque
803 3091 944 3145 Praesulis
964 3093 1041 3146 actio
1062 3093 1285 3161 circumscripta

309 3185 361 3245 est,
381 3180 507 3247 apprime
526 3177 726 3246 distinguitur:
747 3196 781 3232 ex
801 3197 864 3246 quo,
884 3181 1008 3248 exempli
1034 3183 1140 3248 gratia,
1172 3183 1284 3236 factum

309 3286 371 3324 esse
390 3269 439 3335 ait,
458 3271 491 3321 ut
510 3267 557 3334 qui
577 3266 697 3320 Romani
710 3265 855 3320 Pontifieis
869 3268 899 3320 in
918 3269 1062 3337 Hispania
1081 3271 1178 3326 vicem
1199 3271 1284 3338 gerit,

310 3358 415 3425 scripto
435 3356 568 3423 quopiam
587 3355 663 3422 typis
682 3354 758 3408 edito
779 3359 808 3408 et
827 3356 933 3422 publici
952 3358 1022 3411 iuris
1051 3359 1142 3423 facto,
1176 3361 1284 3414 amicas

310 3451 396 3514 atque
415 3445 538 3498 sinceres
558 3443 632 3496 inter
651 3442 677 3496 S.
698 3443 799 3498 Sedam
818 3449 847 3498 et
865 3444 1024 3513 Hispaniae
1039 3448 1232 3504 Dominatum
1245 3466 1285 3502 re·

311 3535 432 3588 laniones
451 3531 623 3586 intercedere
634 3547 668 3584 ex
682 3527 773 3586 officio
793 3528 996 3597 affirmaverit3
1017 3553 1107 3604 quum
1129 3543 1160 3592 et
1180 3537 1285 3592 Catho-

232 3617 235 3623 ’
310 3623 366 3687 lici,
387 3637 539 3688 omnesque
558 3619 698 3687 Episcopi,
719 3637 791 3687 quae
809 3620 885 3676 inter
902 3627 1057 3692 utrumque
1084 3625 1283 3697 Principalem
