2856 4276
523 241 748 288 pussillanimes
1079 239 1109 292 17

145 333 501 346 μμ-φ--ρηα-ι--ψ
511 335 517 339 -

143 445 301 510 Ecclesiae
323 445 577 509 constitutionem
603 445 784 528 intelligere.
809 481 853 490 -
876 445 916 508 Il.
931 443 975 508 Ut
991 445 1112 511 facilius

143 543 250 607 fideles
274 563 292 606 a
312 542 396 606 malo
413 541 581 618 divertant,
598 543 630 606 et
645 543 684 606 ad
702 543 799 606 vitam
817 544 974 606 aeternam
990 543 1111 608 facilius

141 641 335 724 perveniant.
359 677 404 688 —
426 640 484 704 ΙΙΙ.
508 640 708 704 Inimicorum
732 631 886 706 Ecclesiae
901 641 1041 706 fallacias
1064 642 1110 706 vi-

142 740 220 815 tare,
230 739 263 802 et
275 737 522 804 Ecclesiasticam
535 737 722 822 dignitatem
736 740 826 803 tueri.
835 776 880 784 -
891 739 945 802 IV.
955 739 997 804 ut
1007 738 1109 817 hodie,

140 964 255 1028 terium,
275 964 416 1018 Homiliae
435 981 486 1032 per
505 963 641 1018 circulum
663 964 732 1017 anni
745 963 773 1018 in
789 964 940 1018 Dominicis
959 965 1066 1024 diebus,
1079 973 1109 1022 et

141 1055 264 1124 singulis
290 1053 496 1110 festivitatibus
525 1057 618 1121 aptae.
638 1053 680 1107 lix
699 1055 800 1122 quibus
829 1054 958 1110 omnibns
978 1055 1001 1108 si
1021 1073 1107 1110 unum

141 1144 275 1208 defuerit,
297 1143 455 1198 Sacerdotis
475 1128 577 1196 nomen
599 1143 644 1196 vix
663 1142 692 1195 in
712 1160 744 1198 eo
764 1143 918 1198 constabit:
939 1144 1005 1213 quia
1026 1145 1107 1198 valde

141 1235 318 1302 periculosae
330 1237 397 1288 sunt
407 1233 596 1303 Evangelicae
609 1233 711 1296 minae,
722 1234 823 1302 quibus
837 1234 953 1289 dicitur:
967 1235 1108 1291 Siccaena

142 1342 223 1380 coeco
242 1325 374 1379 ducatum
389 1331 520 1392 praestet,
540 1326 618 1378 umbo
635 1325 668 1376 ia
684 1324 790 1389 sacrorn
812 1325 915 1378 cadunt
934 1319 1007 1392 (cap.
1030 1323 1107 1394 Quae

140 1416 211 1482 ipsis
230 1415 247 1468 5
267 1414 292 1468 d.
313 1411 368 1482 38).

211 1505 242 1570 f)
263 1503 383 1567 Placuit,
408 1507 440 1557 ut
463 1501 627 1556 ordinandis
656 1503 802 1571 Episcopis
822 1504 868 1557 uel
888 1502 1002 1558 Clericis
1031 1504 1107 1572 prius

143 1594 178 1648 ab
198 1592 408 1647 ordinatoribus
428 1591 485 1645 suis
513 1591 628 1646 decreta
656 1590 844 1648 Consiliorum
873 1592 985 1648 auribus
1012 1610 1107 1648 eorum

141 1682 339 1744 inculcentur;
357 1699 394 1736 ne
413 1699 442 1734 se
462 1680 570 1749 aliquid
599 1685 698 1736 contra
725 1685 836 1736 statuta
866 1681 983 1736 Consilii
1008 1683 1107 1738 fecisse

140 1773 287 1839 poeniteat
308 1772 380 1840 (cap,
399 1771 513 1827 Placuit
533 1773 557 1830 7.
577 1771 604 1824 d.
623 1771 678 1835 38).

211 1861 241 1932 p)
262 1862 363 1916 Nullas
383 1862 537 1930 Episcopus
558 1866 673 1930 propter
687 1861 868 1930 opprobrium
887 1861 1050 1922 senectutis,
1061 1863 1106 1917 vel

139 1952 322 2007 nobilitatem
340 1952 452 2022 generis
466 1969 483 2005 a
496 1951 630 2020 parvulis,
651 1951 696 2006 vel
716 1951 840 2005 minimis
859 1951 985 2014 eruditis,
1000 1951 1022 2004 si
1038 1953 1106 2020 quid

140 2041 215 2097 forte
235 2045 279 2096 est
297 2041 441 2104 utilitatis,
461 2045 510 2095 aut
530 2040 638 2105 salutis,
651 2041 793 2110 inquirere
812 2040 1014 2110 negligatQui
1029 2041 1104 2096 enim

139 2134 286 2190 rebelliter
305 2135 385 2202 vivit,
405 2137 434 2188 et
452 2134 559 2188 discere
579 2138 664 2202 atque
683 2151 767 2203 agere
786 2135 862 2188 bona
880 2139 1000 2195 recusat,
1013 2135 1104 2204 magis

140 2227 257 2290 diaboli,
277 2243 362 2295 quam
383 2225 488 2281 Christi
516 2226 670 2280 membrum
692 2243 752 2279 esse
772 2225 942 2280 ostenditur:
962 2229 992 2280 et
1010 2225 1104 2294 potins

138 2317 270 2382 infidelis,
300 2335 383 2386 quam
413 2317 502 2372 fidelis
532 2335 593 2371 esse
620 2321 794 2372 monstratur
822 2313 903 2384 (Cap.
932 2317 1037 2371 Nullas
1063 2318 1104 2371 16.

139 2408 165 2462 d.
185 2409 240 2474 38).

210 2497 239 2563 b)
259 2497 337 2562 Quae
356 2497 392 2550 ad
411 2499 577 2565 perpetuam
596 2495 752 2550 utilitatem
772 2495 943 2566 generaliter
970 2495 1104 2551 instituta

140 2591 216 2648 sunt.
236 2587 316 2640 nulla
334 2585 555 2640 commutatione
581 2585 741 2639 varientur:
761 2601 812 2638 nec
832 2584 869 2638 ad
887 2584 1031 2652 privatum
1050 2589 1104 2640 tra-

138 2677 245 2732 hantur
264 2675 448 2739 commodum,
463 2693 536 2744 quae
549 2677 585 2730 ad
600 2677 703 2731 bonurn
718 2680 783 2730 sunt
797 2692 943 2730 commune
963 2675 1102 2743 praefixa:

139 2766 187 2820 sed
207 2765 388 2820 manentibus
407 2765 545 2823 terminis,
566 2782 635 2834 quos
655 2765 863 2820 constituerunt
894 2763 1000 2820 Patres.
1020 2782 1103 2820 nemo
1191 2801 1193 2808 ι

138 2855 243 2910 iniuste
264 2858 382 2924 usurpet
409 2854 550 2909 alienum:
579 2854 627 2908 sed
655 2854 732 2908 intra
760 2855 829 2906 fines
858 2853 985 2921 proprios
1016 2857 1103 2922 atque

138 2945 290 3016 legitimos,
309 2947 393 3013 prout
414 2945 476 3012 quis
495 2945 618 2998 valuerit
636 2943 666 2997 in
681 2943 832 2998 latitudine
848 2960 877 2996 se
891 2946 1021 2997 exerceat
1040 2943 1102 2996 cha·

139 3034 232 3089 citatis
253 3034 326 3102 (cap.
348 3033 425 3103 Quae
444 3033 481 3088 ad
500 3035 525 3088 3.
546 3049 632 3087 causa
651 3034 693 3086 25.
714 3050 740 3100 q.
763 3029 798 3100 1).

207 3119 231 3190 i)
250 3122 331 3176 Nulli
350 3123 395 3176 fae
409 3122 447 3178 sit
459 3123 520 3176 sins
540 3125 632 3178 status
652 3123 695 3175 sui
714 3121 838 3188 periculo
852 3120 899 3175 vel
912 3119 1022 3174 divinas
1037 3136 1104 3176 con-

140 3212 311 3274 stitutiones,
331 3212 375 3266 vel
405 3211 588 3280 Apostolicae
616 3211 695 3266 Sedis
724 3211 838 3265 decreta
861 3213 1018 3264 temerare:
1036 3209 1104 3277 quia

138 3319 198 3364 nos,
219 3301 269 3370 qui
288 3300 479 3370 potentissimi
499 3300 658 3355 Sacerdotis
681 3300 912 3354 administramus
931 3295 1032 3362 officia,
1059 3301 1104 3352 ta·

138 3389 206 3444 lium
226 3389 482 3459 transgressionum
512 3390 596 3458 culpa
624 3388 765 3457 respiciet,
786 3389 809 3442 si
829 3389 858 3442 in
878 3386 969 3442 causis
993 3387 1102 3442 desides

138 3479 273 3536 fuerimus
300 3479 425 3534 inventi:
448 3478 515 3547 quia
541 3479 728 3544 meminimus,
750 3479 823 3547 qnod
842 3479 941 3534 timere
961 3479 1102 3543 debemus,

139 3570 260 3638 qualiter
279 3569 467 3624 comminetur
485 3568 559 3623 Deus
580 3567 773 3638 negligentiae
802 3568 994 3624 Sacerdotem.
1013 3567 1103 3636 Siqui-

141 3659 200 3714 dem
221 3663 301 3715 reatu
321 3658 421 3713 maiori
441 3658 589 3726 delinquit,
610 3657 658 3727 qui
678 3657 782 3726 potiori
800 3659 906 3713 honore
930 3655 1100 3726 perfruitur:

184 3799 198 3841 2
213 3821 239 3831 -
254 3799 320 3840 Iuris
337 3798 394 3839 (aaa.
