2758 4270
259 243 314 297 316
537 245 712 294 TRAOTATUS
735 247 775 293 DE
799 247 945 294 PERSONIS

260 448 342 512 Emi
365 449 475 512 Patres
497 449 529 512 in
553 451 709 513 conventu
731 449 869 531 plenario
892 450 1000 516 habito
1017 452 1049 514 in
1066 451 1233 517 Vaticanis

262 545 393 610 AEdibus
409 547 458 609 die
475 547 517 609 29
534 547 648 610 mensis
665 547 801 629 Augusti
818 549 890 611 anni
908 547 1004 622 1892,
1021 551 1148 630 praevio
1164 569 1235 614 ma·

260 644 332 707 11110
355 645 494 708 examine
517 665 553 708 ac
577 644 775 720 discussione,
800 664 1009 727 perpensaque
1025 647 1169 710 universa
1185 647 1234 710 rei

261 740 389 815 ratione,
414 743 604 823 opportunas
628 741 716 804 edere
739 742 923 804 censuerunt
934 742 1153 823 dispositiones
1176 761 1236 825 per

262 838 404 920 generale
433 838 591 902 decretum
622 839 737 919 ubique
766 839 905 902 locorum
933 840 1090 920 perpetuis
1113 840 1234 904 lirturis

262 935 453 1016 temporibus
476 937 652 1001 servandas.
677 933 761 1014 Quas
783 955 855 999 cum
871 936 928 1000 SS.
942 937 978 998 D.
995 935 1035 998 N.
1053 937 1084 1000 in
1101 937 1235 1002 audien-

262 1034 307 1096 tia
331 1032 380 1096 die
404 1033 445 1096 23
462 1033 651 1115 Septembris
667 1033 759 1097 huius
775 1035 847 1098 anni
866 1035 951 1097 1892
967 1035 1165 1116 infrascripto
1182 1054 1234 1100 se·

261 1131 394 1194 01011110
417 1133 549 1215 benigne
572 1133 732 1214 impertita
762 1133 893 1213 probare
915 1133 947 1195 et
977 1131 1160 1196 confirmare
1182 1133 1235 1196 di-

263 1231 378 1312 gnatus
395 1229 496 1304 1110111,
511 1249 546 1294 01
564 1249 643 1311 quae
659 1233 831 1312 sequuntur
847 1250 900 1312 per
915 1249 1057 1312 praesens
1070 1231 1232 1295 decretum

262 1327 442 1408 Apostolica
458 1330 645 1393 austeritate
661 1331 845 1392 statuuntur
867 1331 899 1392 et
922 1329 1137 1392 decernuntur.

308 1425 383 1486 923.
395 1463 436 1470 -
449 1451 467 1484 «
479 1427 502 1488 l.
517 1427 630 1489 Firmis
646 1426 875 1489 remanentibus
887 1424 1117 1490 Constitutione
1134 1426 1167 1490 S.
1180 1427 1233 1491 Pii

262 1520 292 1582 V
302 1521 362 1585 diei
377 1523 418 1585 14
430 1521 572 1588 Octobris
588 1524 660 1586 anni
681 1523 774 1596 1568,
789 1523 878 1604 incip.
894 1524 1052 1586 1100101001
1064 1523 1232 1602 Pontifex,

263 1619 295 1680 et
318 1619 526 1685 declaratione
550 1641 574 1684 s.
599 1641 640 1683 m.
666 1620 713 1683 Pii
736 1619 798 1682 ΡΡ.
822 1621 867 1682 lX
891 1621 974 1683 edita
989 1620 1038 1683 die
1058 1623 1097 1682 12
1115 1623 1232 1686 mensis

264 1716 346 1780 lunii
369 1719 442 1781 anni
468 1719 564 1794 1858,
588 1719 700 1800 quibus
723 1719 931 1800 superioribus
948 1718 1091 1782 ordinum
1107 1719 1232 1802 regula·

263 1815 345 1878 rium
369 1815 560 1897 prohibetur,
577 1835 614 1880 ne
625 1816 749 1879 litteras
760 1816 982 1880 dimissoriales
994 1819 1165 1881 concedant
1179 1837 1232 1882 no-

264 1913 350 1976 vitiis
373 1916 429 1977 aut
454 1915 597 1996 professis
621 1915 766 1978 votorum
793 1914 981 1996 simplicium
1015 1916 1229 1990 triennalium,

263 2009 304 2073 ad
327 2011 385 2075 hoc
408 2013 444 2074 111
467 2012 561 2075 titulo
586 2013 779 2094 paupertatis
803 2012 842 2074 ad
867 2013 923 2076 88.
948 2012 1077 2076 Ordines
1109 2031 1232 2095 promo·

264 2107 330 2170 veri
352 2109 486 2185 valeant,
510 2109 634 2195 eaedem
660 2107 878 2189 dispositiones
902 2109 1110 2172 extenduntur
1133 2111 1230 2172 etiam

264 2204 305 2268 ad
328 2206 473 2271 instituta
497 2209 641 2271 votorum
665 2207 862 2288 simplicium,
886 2208 933 2270 ita
956 2209 993 2269 111
1015 2207 1126 2270 horum
1143 2209 1231 2270 insti-

265 2305 408 2368 tutorum
431 2307 603 2386 superiores
627 2303 828 2385 nonpossint
855 2303 886 2366 in
915 2306 1073 2384 posterum
1104 2305 1229 2369 litteras

264 2399 486 2466 dimissoriales
510 2402 672 2466 concedere
696 2420 750 2483 pro
769 2402 824 2464 SS.
842 2399 1018 2476 Ordinibus,
1036 2403 1086 2464 vel
1102 2419 1230 2482 quomo-

265 2497 435 2580 documque
458 2499 498 2564 ad
514 2518 617 2564 sacros
633 2498 761 2562 Ordines
777 2499 920 2563 alumnos
936 2516 1117 2580 promouere
1133 2499 1228 2563 titulo

265 2615 387 2660 mensae
411 2598 591 2672 communis,
616 2596 666 2660 101
688 2596 856 2671 missionis,
881 2596 940 2659 nisi
964 2597 1026 2659 illis
1050 2597 1175 2660 tantum
1199 2616 1229 2660 a·
1300 2611 1303 2621 '

263 2693 389 2770 lumuis,
414 2696 468 2776 qui
491 2697 565 2758 vota
589 2694 712 2776 quidem
736 2694 900 2774 simplicia,
925 2695 977 2758 sed
1000 2697 1228 2776 perpetualem

264 2791 433 2867 emiserint,
450 2794 481 2854 et
497 2793 619 2872 proprio
643 2790 790 2854 instituto
814 2791 971 2854 stabiliter
985 2792 1152 2874 aggregati
1166 2792 1228 2855 fue

265 2887 345 2963 rint3
363 2889 412 2952 vel
425 2889 477 2970 qui
490 2889 601 2952 saltem
615 2907 668 2970 per
681 2887 848 2951 triennium
861 2889 1086 2968 permanserint
1101 2889 1133 2952 in
1148 2889 1210 2954 vot'

265 2985 457 3068 simplicibus
480 2987 686 3068 temporaneis
710 2985 810 3066 quoad
833 3004 869 3049 ea
885 2986 1031 3050 instituta
1048 3005 1127 3067 quae
1143 2987 1226 3050 ultra

265 3084 431 3147 triennium
457 3087 636 3166 perpetuam
653 3084 799 3147 differunt
814 3083 1044 3164 professionem.
1061 3083 1209 3148 Revocat'

266 3182 305 3244 ad
328 3183 410 3246 hune
433 3183 575 3246 effectum
600 3183 742 3246 omnibus
765 3181 894 3245 indultis
917 3201 953 3244 ac
972 3181 1142 3264 privilegiis
1165 3183 1226 3244 iam

266 3279 402 3344 obtentis
425 3300 443 3344 a
460 3280 489 3344 S.
507 3279 593 3356 Sede,
612 3299 728 3346 necnon
744 3279 999 3362 dispositionibus
1017 3279 1181 3342 contrariis
1196 3278 1225 3340 in

265 3379 443 3458 respectivis
466 3379 742 3443 constitutionibus
765 3379 927 3453 contentis,
944 3378 1004 3440 etsi
1019 3377 1099 3440 tales
1115 3376 1224 3440 eonsti-

266 3475 402 3540 tutiones
425 3476 539 3540 inerint
562 3497 580 3542 a
605 3475 634 3540 S.
660 3477 735 3542 Sede
758 3476 939 3558 Apostolica
963 3475 1159 3556 approbatae.

314 3573 388 3635 924.
408 3611 441 3622 -
470 3599 487 3632 c
499 3575 540 3639 ΙΙ.
557 3574 638 3638 Hinc
661 3577 771 3638 notum
795 3574 837 3638 sit
850 3573 972 3654 oportet
984 3571 1021 3636 de
1034 3571 1169 3656 generali
1184 3588 1223 3633 10

264 3669 341 3753 gula
364 3670 447 3733 haud
470 3672 501 3734 in
524 3672 683 3752 posterum
699 3672 911 3752 dispensatum
927 3670 977 3747 iri,
992 3672 1029 3732 nt
1041 3669 1081 3733 ad
1096 3668 1223 3732 maiores
