2750 4270
278 239 332 292 246
561 240 735 288 rescimus
759 241 798 286 DE
822 239 968 286 PERSONIS

279 461 338 506 non
361 442 487 505 habet...
512 441 547 503 30
563 440 657 504 Posse
674 440 888 514 amicabiliter,
905 441 937 503 44
951 439 1046 522 prout
1062 439 1150 502 decet
1169 439 1254 503 bono
1355 421 1356 424 Ἴ

279 540 435 623 religioso,
459 539 562 622 iurgia
579 539 659 602 inter
674 537 849 602 sacerdotes
867 540 898 602 et
914 538 1041 602 elericos
1058 537 1152 601 orta
1144 556 1177 600 111
1195 555 1254 601 sna

280 637 406 700 ecclesia
430 653 623 716 componere3
649 635 701 699 sed
726 654 783 699 non
807 655 861 716 per
884 635 969 698 viam
993 636 1102 699 iuris...
1128 635 1202 717 (Ap.
1217 633 1252 698 C

279 734 412 808 Ferrari,
436 754 466 796 n.
493 733 567 808 174,
593 734 638 816 4).

597 913 755 978 REQUIES
775 913 931 966 ANIMAE.
1007 963 1008 966 ,

325 1040 458 1104 Μ4444444
481 1058 598 1104 444444.
617 1039 719 1104 Μ4444
735 1039 840 1104 nostra
863 1041 911 1103 444
935 1062 953 1098 o
968 1037 1066 1122 Virgo
1092 1040 1251 1120 pretiosis-

281 1139 370 1212 sima,
394 1138 444 1202 cui
467 1139 562 1203 timor
577 1140 609 1203 et
629 1138 800 1202 reverentie
817 1137 954 1212 debetur,
971 1156 1008 1203 ne
1028 1155 1132 1200 coram
1151 1137 1250 1202 oculis

281 1236 346 1300 eius
370 1237 488 1318 aliquid
510 1237 652 1301 indecens
675 1235 821 1318 cogitare,
847 1235 1048 1310 considerare,
1065 1235 1249 1312 consentire,

282 1335 338 1398 eut
361 1335 460 1398 fecere
483 1335 595 1416 aliquis
619 1335 743 1408 audeat,
760 1352 797 1396 ne
814 1333 884 1397 illos
900 1333 1113 1396 misericordes
1130 1335 1247 1408 oculos,

283 1451 406 1514 quinon
422 1434 550 1514 possunt
562 1433 710 1514 respicere
722 1431 932 1514 iniquitatem,
949 1432 1109 1494 averita
1125 1433 1215 1495 notus
1227 1456 1244 1490 4

282 1530 422 1613 (idiota).

325 1629 459 1692 Mnumm
481 1645 602 1693 1444044.
632 1625 658 1691 0
689 1627 784 1708 474444
810 1627 1058 1706 4444444444444,
1091 1628 1249 1692 4444444444-
1355 1703 1356 1718 ¹

282 1726 365 1789 444444
389 1731 419 1789 44
435 1725 689 1806 44444444444444
714 1724 794 1806 (id).
831 1719 879 1788 'Tu
903 1723 1013 1788 osilia
1047 1724 1143 1806 474444
1164 1725 1246 1806 ptos·

283 1843 377 1902 quom
406 1822 553 1903 44444444,
585 1823 673 1885 cuius
708 1841 818 1893 4444444
839 1821 925 1884 debet
959 1841 1023 1885 4444
1056 1825 1248 1886 4444444444
1355 1825 1356 1882 ξ

280 1941 339 2000 per
361 1919 525 2001 4444444444
525 1941 577 1983 ora
602 1919 697 1984 444444
725 1919 893 1998 opinionis,
930 1923 960 1982 44
987 1941 1047 1998 per
1073 1921 1245 2000 exemptum
1355 1945 1356 1948 ¹

282 2018 448 2093 castitatis,
473 2023 502 2082 44
518 2016 607 2096 picta
610 2019 716 2100 tis‚ct
685 2017 948 2081 4444444444444..
952 2017 1066 2102 .(id.).

327 2114 461 2178 Mnemu
484 2131 652 2178 mammon.
678 2113 809 2178 Modest'
801 2133 832 2177 44
856 2115 912 2178 tua
939 2117 1013 2179 nota
1038 2117 1080 2179 sit
1104 2116 1246 2180 omnibus

283 2213 491 2278 hominibus...
515 2213 629 2277 Auerte
652 2213 756 2277 oculos
780 2213 863 2289 tuos,
879 2232 916 2276 ne
933 2213 1056 2294 quando
1076 2215 1181 2278 videas
1196 2233 1245 2277 va-

284 2311 426 2374 nitatem.
451 2347 494 2357 -
518 2309 601 2374 Filii
621 2310 751 2374 Mariae
774 2311 947 2374 imitatores
970 2311 1067 2374 4444...

285 2534 463 2600 4444444444,
475 2537 504 2588 44
522 2535 551 2588 in
571 2534 672 2602 quibus
684 2534 770 2588 iidem
784 2535 922 2589 assistunt
931 2535 971 2589 uti
986 2533 1094 2590 Vinarii
1108 2535 1149 2600 (S.
1160 2536 1192 2590 R.
1205 2534 1241 2602 0,

283 2624 531 2688 carnaticos).
559 2624 630 2678 Item
660 2624 850 2692 intelligenda
880 2628 946 2678 sunt
974 2624 1165 2691 indistinctae,
1187 2633 1239 2680 tam

202 2782 203 2786 Ἰ
285 2713 397 2783 quando
418 2712 545 2767 Vicarius
565 2717 609 2768 est
628 2717 779 2768 cumcotta
798 2731 883 2782 quam
903 2715 1016 2783 quando
1031 2719 1074 2769 est
1088 2715 1148 2770 sine
1162 2718 1241 2778 cotta,

285 2806 344 2858 tam
364 2803 393 2856 in
413 2803 496 2858 choro
517 2821 602 2872 quam
620 2803 650 2856 in
670 2802 912 2868 Processionibus3
933 2803 1033 2872 quibus
1054 2805 1083 2858 in
1108 2805 1175 2859 locis
1193 2803 1240 2857 Vi-

285 2893 376 2946 carius
396 2893 536 2946 Foraneus
557 2893 648 2956 debet,
668 2895 815 2960 tamquam
836 2910 907 2946 unus
933 2909 967 2946 ex
995 2893 1169 2960 Presbyteris
1198 2909 1241 2946 seu

286 2981 434 3036 Canonicis
454 2982 578 3036 eiusdem
598 2982 742 3044 ecclesiae,
762 2981 792 3034 in
811 2981 872 3036 loco
893 2981 945 3035 sibi
966 2983 1147 3037 convenienti
1167 2983 1243 3036 iuxta

285 3071 475 3140 provisionem
494 3089 542 3125 seu
561 3070 693 3126 Ordinem
714 3089 802 3134 suum,
823 3071 928 3135 sedere,
955 3075 1032 3128 stare
1061 3077 1089 3126 44
1118 3072 1242 3126 incedere

286 3177 348 3213 cum
368 3163 453 3224 cotta,
474 3163 557 3228 prout
576 3159 624 3213 alii
645 3158 778 3214 Canonici
800 3177 847 3214 esu
858 3160 1021 3228 Presbyteri
1033 3161 1141 3225 sedent,
1161 3163 1241 3221 stant,

286 3252 315 3304 et
333 3249 483 3304 incedunt:
505 3249 576 3303 44444
595 3267 651 3304 non
671 3249 827 3304 lucrabitur
840 3250 983 3304 distribut
963 3254 1054 3306 tiones
1068 3251 1241 3319 quotidianas

226 3411 229 3414 Ι
284 3333 325 3403 (S.
345 3336 380 3392 R.
404 3336 442 3401 0,
461 3341 497 3391 24
516 3337 591 3406 Sept.
612 3337 703 3401 1605).
724 3336 787 3390 Vid
809 3337 895 3390 ctiam
916 3337 1018 3392 noviss.
1039 3338 1107 3393 edit.
1138 3338 1240 3392 Decret

282 3427 363 3481 aut.h
385 3427 411 3481 S.
431 3427 462 3480 R.
484 3426 512 3481 O.

665 3629 875 3643 ἡ
