2856 4276
306 264 338 318 10
667 266 896 313 PROLEGOMENA

303 469 399 530 trem:
425 485 478 530 nos
495 466 534 530 ad
551 484 743 529 communem
767 467 833 528 tam
849 466 996 546 ipsorum,
1018 485 1110 546 quum
1136 465 1268 531 aliorum

304 564 441 628 omnium
465 562 662 628 commodum
678 564 710 626 et
725 561 895 644 profectum
910 563 1037 644 paterna
1061 563 1270 628 sollicitudine

301 659 504 737 intendentes,
518 661 555 724 ut
570 660 612 723 sit
630 660 673 724 eis
696 677 784 724 mora
807 659 984 723 huiusmodi
1007 661 1175 736 fructuosa,
1200 681 1272 744 pro-

302 758 446 835 vidimus,
475 757 557 838 quod
586 756 700 821 ibidem
731 756 767 820 de
798 758 897 820 cetero
914 761 1063 842 regatur,
1100 760 1131 822 et
1166 759 1272 840 siccut

303 856 442 919 stadium
468 857 549 918 cums
572 855 673 918 diuiuc'
694 859 725 918 et
747 853 885 930 humaui,
909 858 1052 919 canonici
1077 856 1217 920 uidelicet
1239 861 1273 920 et

303 1080 409 1135 minum
433 1081 568 1134 societate
597 1078 776 1148 principium,
796 1078 864 1148 quia
883 1079 1002 1134 societas
1023 1079 1098 1134 sicut·
1114 1079 1268 1132 humanam

302 1173 435 1225 naturam
455 1188 512 1225 non
532 1169 596 1237 ipsa
614 1169 724 1235 genuit,
743 1168 785 1222 ita
804 1167 912 1236 puriter
930 1185 982 1224 nee
1007 1169 1111 1222 bonum
1137 1171 1271 1236 procreat

302 1263 422 1314 naturae
442 1259 622 1322 couveniens,
636 1275 688 1329 neo
707 1259 813 1312 malum
832 1263 952 1311 naturae
971 1259 1197 1312 dissentaneum:
1217 1258 1269 1310 sed

302 1347 395 1416 potius
415 1347 469 1416 ipsi
490 1347 634 1402 hominum
659 1347 789 1402 societati
809 1346 988 1412 antecedunt,
1008 1347 1177 1414 omninoque
1201 1349 1270 1400 sunt

302 1437 394 1504 alege
414 1437 547 1511 naturali,
562 1455 595 1491 ac
608 1442 758 1506 propterea
772 1437 865 1505 alege
881 1441 1005 1498 aeterna,
1020 1437 1180 1505 repetenda.
1194 1436 1269 1492 «luris

302 1526 389 1596 igitur
408 1527 548 1581 naturalis
571 1531 732 1596 praecepta,
751 1527 896 1582 hominum
927 1527 1129 1595 comprehensa
1148 1525 1266 1595 legibus,

303 1634 358 1670 non
379 1617 434 1670 vim
455 1618 542 1672 solum
563 1618 671 1672 habent
689 1618 761 1686 legis
790 1617 938 1680 humanae,
959 1617 1005 1671 sed
1026 1617 1177 1685 praecipue
1196 1616 1266 1670 illud

290 1705 392 1760 'multo
413 1707 498 1762 altius
518 1707 663 1775 multoque
683 1706 829 1776 augustius
854 1706 1080 1774 complectuntur
1107 1705 1268 1774 imperium,

302 1795 377 1864 quod
397 1796 433 1849 ab
453 1797 516 1864 ipsa
530 1797 593 1865 lege
611 1799 731 1850 naturae
744 1799 774 1849 et
787 1796 879 1864 alege
893 1799 1009 1848 aeterna
1023 1795 1216 1862 proficiscitur.
1230 1793 1269 1848 Et

301 1889 331 1942 in
349 1889 405 1942 isto
425 1905 529 1956 genere
548 1889 643 1956 legum
662 1890 714 1943 hou
743 1889 802 1943 fere
831 1889 922 1942 civilis
950 1889 1146 1959 legumlatoris
1166 1907 1266 1944 munus

304 1981 356 2040 est,
376 1977 539 2032 obedientes
569 1978 662 2032 faeere
682 1977 765 2043 cives,
786 1979 927 2032 communi
949 1979 1101 2047 disciplina
1129 1979 1268 2046 adhibita,

303 2085 404 2137 pravos
424 2068 501 2123 etin
520 2067 591 2122 vitia
610 2072 755 2137 promptos
775 2069 938 2133 coercendo,
958 2073 990 2123 ut
1004 2086 1020 2122 a
1034 2069 1108 2123 malo
1128 2069 1267 2133 deterriti,

301 2161 331 2214 id
350 2161 425 2229 quod
444 2163 551 2214 rectum
572 2163 616 2214 est
635 2163 839 2218 consectentur,
860 2165 911 2215 ant
931 2161 1033 2216 saltem
1052 2162 1200 2217 offensioni
1219 2181 1268 2217 no-

302 2263 411 2314 xaeque
423 2263 459 2300 ne
479 2246 536 2300 sint
555 2245 675 2300 civitati.
691 2273 724 2281 -
740 2245 805 2299 Alia
824 2263 890 2300 vero
910 2247 1002 2300 civilis
1022 2249 1172 2316 potestatis
1188 2266 1268 2317 prae-

302 2338 409 2406 scripta
428 2356 484 2392 non
498 2354 532 2391 ex
544 2337 671 2391 naturali
689 2337 749 2390 iure
769 2337 866 2392 atatim
887 2341 915 2392 et
935 2337 1069 2406 proxime,
1087 2339 1135 2392 sed
1155 2339 1269 2410 longius

303 2431 331 2482 at
352 2427 465 2494 oblique
485 2429 702 2494 consequuntur,
722 2443 822 2494 resque
842 2427 934 2480 varias
954 2427 1101 2488 definiunt,
1114 2429 1148 2483 de
1166 2430 1265 2498 quibus

302 2535 358 2571 non
378 2519 421 2570 est
440 2515 495 2568 nisi
514 2516 672 2584 generatim
694 2519 781 2584 atquc
807 2515 937 2571 universe
956 2520 1059 2570 natura
1078 2521 1199 2572 cautum.
1221 2519 1268 2573 Sic

302 2623 379 2659 suam
401 2605 529 2659 conferre
548 2621 664 2672 operam
684 2605 759 2659 cives
780 2605 816 2658 ad
836 2605 1074 2674 tranquillitatem
1094 2608 1270 2676 prosperita·

303 2697 416 2760 temque
431 2693 574 2760 publica-m
593 2696 697 2747 natura
716 2693 809 2747 iubet:
829 2697 967 2761 quantum
980 2711 1090 2762 operae,
1105 2714 1159 2763 quo
1173 2699 1268 2764 pacto,

302 2781 402 2851 quibus
422 2782 451 2835 iu
471 2783 561 2846 rebua
582 2800 637 2837 non
666 2786 769 2836 natura
793 2783 841 2837 sed
868 2783 1014 2837 hominum
1042 2785 1184 2853 sapientia
1203 2802 1266 2840 con·

302 2873 439 2927 stituitur.
460 2874 587 2928 lamvero
616 2874 805 2942 peculiaribus
834 2875 910 2928 hisee
941 2875 1052 2929 vivendi
1080 2877 1184 2945 regulis
1204 2896 1266 2946 pru·

302 2961 380 3015 denti
399 2962 509 3016 ratione
528 2962 661 3027 inventis,
682 2962 866 3031 legitimaque
885 2966 1027 3026 potestate
1046 2964 1207 3032 propositis,
1220 2965 1267 3019 lex

302 3052 426 3105 humana
445 3052 552 3121 proprii
581 3053 703 3107 nominis
728 3052 896 3106 continetur.
926 3052 1003 3117 Quae
1033 3053 1145 3120 quidem
1165 3055 1210 3108 lex
1229 3055 1266 3108 ad

302 3139 386 3192 finem
408 3139 605 3194 communitati
634 3139 808 3208 propositum
829 3139 905 3193 cives
932 3139 1078 3194 universos
1105 3141 1268 3209 conspirare

301 3227 387 3291 iubet,
404 3227 551 3282 deflectere
571 3228 716 3296 prohibet:
736 3228 890 3296 eademque
905 3231 1044 3296 quatenus
1058 3228 1227 3297 pedissequa
1238 3233 1271 3284 et

303 3316 485 3370 consentiens
504 3321 549 3371 est
567 3318 836 3386 praescriptionibus
855 3320 983 3380 naturas,
1003 3317 1080 3372 ducit
1099 3318 1135 3371 ad
1149 3335 1269 3387 eaquae

301 3406 420 3460 honesta
441 3409 515 3471 sunt,
542 3424 560 3460 a
593 3408 741 3461 contrariis
770 3407 902 3462 deterret.
931 3408 972 3461 Er
1002 3423 1057 3477 quo
1087 3408 1268 3478 intelligitur,

301 3495 416 3550 omnino
435 3495 465 3548 in
486 3500 603 3551 aeterna
631 3495 683 3551 Dei
710 3497 773 3566 lege
802 3515 929 3552 normam
950 3501 979 3552 et
997 3498 1124 3566 regulam
1144 3495 1268 3564 positam

302 3599 362 3637 esse
378 3581 531 3646 libertatis,
541 3601 593 3639 nec
606 3585 782 3655 singulorum
795 3587 945 3641 dumtaxat
957 3587 1110 3646 hominum,
1120 3586 1170 3642 sed
1180 3586 1267 3642 etiam

303 3673 514 3729 communitatis
543 3679 572 3729 et
600 3675 806 3731 coniunctionis
834 3675 985 3731 humanae.
1004 3703 1038 3712 —
1057 3676 1150 3745 igitur
1172 3675 1202 3728 in
1222 3675 1270 3729 bo·
