2758 4270
255 260 320 308 cnP.
345 264 373 306 Υ.
399 264 438 309 DE
463 263 618 312 nronncflls
641 265 680 310 ΕΤ
703 265 918 312 assumamus
1021 265 1074 318 303

148 461 226 524 893.
239 497 283 506 —
296 459 366 524 XII.
383 460 483 525 Nemo
500 461 688 526 admittatur
711 461 751 525 ad
774 462 920 540 lecturas,
933 463 972 527 ad
989 483 1074 546 prae·

99 559 302 634 dicationem,
326 557 366 622 ad
389 559 592 622 confessiones
615 557 795 632 audiendas,
819 560 851 622 et
874 559 913 623 ad
944 560 1073 624 Ordines

98 657 162 722 nisi
186 657 272 738 prius
296 657 489 721 examinetur
505 655 762 738 aSuperioribus.
788 657 1001 722 inobedientes
1018 677 1073 741 pro

96 755 261 840 gravitate
285 753 511 818 inobedientiae
534 773 553 818 a
577 752 722 819 Generali
745 756 777 819 et
809 773 827 818 a
858 754 1073 838 Superioribus

99 853 284 933 puniantur.
519 913 521 918 ,
1054 875 1058 885 Δ

145 950 225 1014 894.
252 986 293 998 -·
318 949 405 1014 XIII.
429 949 556 1014 Fratres
579 950 737 1032 regulares
760 951 925 1016 monentur
947 949 979 1014 in
1012 951 1073 1015 vir·

97 1047 171 1112 tute
196 1053 321 1111 sanctae
346 1047 546 1122 obedientiae,
563 1048 599 1110 ut
623 1047 790 1129 Episcopos
806 1047 874 1112 loco
894 1049 1072 1112 sanctorum

95 1145 325 1230 Apostolorum
348 1145 532 1230 subrogatos
556 1163 611 1228 pro
636 1145 740 1210 deblta
763 1145 959 1228 spostolicae
987 1147 1073 1210 Sedis

96 1243 275 1306 reverentia
298 1261 433 1326 congruo
457 1243 571 1322 bonore
594 1244 626 1306 et
653 1242 846 1306 convenienti
877 1243 1073 1308 observantia

95 1340 318 1412 revereantur;
342 1340 509 1404 hortantur
533 1359 604 1404 voro
629 1339 782 1421 Episcopi,
800 1341 837 1402 ut
853 1340 965 1404 fratres
981 1358 1073 1423 regu·

97 1437 182 1500 lares
199 1437 311 1500 affeetu
327 1437 475 1501 benevolo
491 1438 711 1520 prosequentes
727 1437 913 1502 charitatIve
937 1437 1074 1502 tractent

95 1535 129 1596 et
153 1533 288 1616 benigne
311 1534 446 1598 foveant.

143 1632 223 1695 895.
251 1669 289 1678 —
322 1631 407 1712 Xlu.
439 1632 573 1697 Domum
603 1633 733 1714 uterque
764 1630 872 1696 Clarus
906 1631 1073 1696 saecularis

95 1730 220 1794 scilicet
243 1731 275 1793 et
298 1730 461 1814 regularis
486 1749 654 1811 eorumque
687 1731 908 1806 Moderatorcs,
943 1729 1073 1794 audiant

95 1828 173 1892 haec
201 1828 294 1891 verba
318 1827 446 1892 Concilii
471 1827 663 1906 Viennensis,
688 1847 766 1909 quae
794 1828 825 1892 in
856 1845 966 1910 corpus
996 1827 1073 1892 iuris

72 2010 74 2012 ,
94 1925 239 1990 canonici
256 1925 463 2010 (Clementia,
480 1926 535 1989 lib.
550 1927 580 2002 5,
594 1926 645 1990 tit.
663 1927 697 2010 6)
713 1927 813 1990 relata
834 1928 917 2003 sunt,
932 1944 1071 2008 quaeque

95 2023 159 2088 fere
190 2042 226 2086 ex
257 2025 378 2106 integro
410 2023 563 2088 habentur
590 2024 622 2087 in
653 2024 815 2106 Encyclica
847 2024 895 2087 Pii
926 2025 981 2101 IX,
1009 2021 1073 2090 Ubi

91 2121 247 2200 primam,
274 2122 314 2183 lo
338 2121 405 2184 Iun.
434 2121 536 2184 1847:
565 2146 583 2179 ‹
600 2119 679 2201 QnIa
707 2139 769 2185 una
799 2123 847 2186 est
878 2121 1069 2206 regularium

96 2424 193 2477 neque
221 2407 309 2461 etiarn
336 2407 366 2460 in
394 2407 455 2461 foro
486 2407 677 2462 eonscientiae
706 2407 816 2462 absolvi
845 2407 960 2476 possit...
989 2405 1070 2460 Hanc

96 2501 195 2552 autem
215 2496 424 2551 restitutionem
444 2496 506 2549 fieri
526 2496 656 2550 volumus
676 2496 702 2550 ei
716 2498 896 2560 monasterIo,
910 2496 1014 2562 domm,
1026 2495 1071 2550 vel

96 2585 185 2640 alteri
203 2586 274 2650 loco,
295 2586 329 2638 de
349 2585 427 2639 cuius
447 2585 529 2640 bonis
550 2585 630 2639 facta
649 2589 693 2640 est
712 2585 838 2655 largitio,
858 2585 903 2640 vel
923 2586 947 2639 si
966 2585 1070 2640 nonde

95 2677 157 2730 eius
178 2675 260 2730 bonis
280 2675 416 2748 donatum
437 2679 488 2734 est.
509 2675 538 2727 in
560 2692 615 2743 quo
634 2676 709 2729 idem
722 2676 871 2744 religiosus
886 2676 994 2730 donans
1008 2692 1070 2742 pro·

97 2763 254 2818 sessionem
273 2764 394 2819 emisit...
414 2805 424 2829 ,
447 2763 587 2829 (Clemens
608 2763 684 2830 VIII,
699 2765 728 2818 O.
742 2765 901 2835 Religiosue
917 2763 1069 2833 donarequ-

96 2855 196 2919 to'oues,
217 2853 284 2906 XIII
303 2851 365 2907 Kal.
386 2853 437 2907 Iul.
460 2849 549 2922 1594).
571 2882 604 2890 -
626 2851 789 2908 ‘Declarat
814 2871 932 2908 munera
960 2871 978 2907 a
1005 2853 1071 2907 reli·

95 2945 186 3014 glosis
206 2943 355 3014 utriusque
375 2962 457 2998 sexus
477 2944 565 2999 tribui
585 2963 667 3013 posse
693 2963 727 3000 cx
757 2945 849 2998 causis
877 2943 1069 3012 gratitudinis,

96 3033 309 3088 conciliationis
340 3033 567 3098 benevolentiae,
600 3034 716 3102 eiusque
748 3033 970 3088 conservationis
1003 3046 1071 3102 erga

97 3107 189 3192 ipsam
212 3123 378 3193 religionem
398 3124 444 3177 vel
464 3127 643 3188 conventum,
664 3124 785 3192 aliisque
806 3123 898 3177 causis
918 3140 952 3176 ex
965 3122 1006 3175 sui
1021 3139 1071 3176 na-

95 3216 163 3268 tura
182 3217 278 3267 actum
298 3213 412 3268 virtutis
433 3228 462 3267 en
482 3213 577 3268 meriti
596 3213 819 3276 continentibus,
834 3213 961 3267 modeste
974 3217 1070 3266 tamen

97 3318 130 3354 ac
150 3303 282 3366 discrete,
302 3305 331 3356 et
350 3301 500 3356 dummodo
529 3301 558 3354 id
586 3319 642 3356 non
663 3301 731 3368 fiat,
756 3301 812 3356 nisi
841 3302 876 3355 ds
896 3300 1071 3368 superiorum

97 3389 231 3445 localium
252 3389 379 3455 licentia,
407 3407 440 3444 ac
469 3390 555 3444 etiam
585 3407 649 3445 cum
678 3407 816 3444 consensu
843 3390 957 3444 maioris
981 3389 1070 3458 partis

97 3483 264 3544 conventus,
294 3480 317 3534 si
346 3479 414 3534 tulis
448 3495 629 3534 consensus...
664 3475 706 3546 (in
737 3496 771 3533 ea
801 3475 950 3547 religione)
980 3479 1071 3548 requi·

97 3568 205 3651 r'atur,
229 3567 374 3633 (Urbanus
394 3567 469 3631 VIII,
491 3567 518 3621 O.
540 3567 642 3636 Nuper
660 3585 679 3623 o
702 3566 939 3638 Congregcta'coa
952 3569 984 3622 16
1008 3567 1069 3622 Oct.

103 3657 187 3722 1640)

190 3700 195 3711 ι

222 3733 232 3744 r
