2750 4270
287 278 341 332 228
569 283 743 330 TRAGTATUS
767 285 805 330 DE
830 285 976 332 PERSONIS

288 474 369 552 66666,
398 500 415 534 e
439 475 475 538 ut
498 456 616 542 errores
639 476 763 561 fugiant
790 477 953 556 idolorum,
978 479 1026 544 vel
1051 479 1173 544 diversa
1196 482 1251 544 cri-
1278 469 1279 472 *
1342 527 1343 532 η

292 599 309 632 «
324 574 419 651 mina,
451 574 483 637 id
510 575 557 638 est
591 575 804 652 homicidium,
837 577 1038 654 adulterium,
1071 579 1250 660 periurium,

290 697 307 731 a
323 672 437 736 salsum
468 673 693 750 testimonium,
719 673 893 755 etreliqua
920 685 1046 756 peccata
1076 675 1244 753 mortifera,

291 796 308 830 «
324 771 355 834 et
379 769 461 851 quod
484 771 595 834 nolunt
618 771 677 835 sibi
700 771 777 847 fieri,
803 771 954 836 alteriue
978 772 1105 850 faciant,
1131 774 1168 837 ut
1190 793 1251 838 cre·

291 895 308 927 6
324 868 400 932 dant
430 867 685 933 resurrectionem
723 859 861 934 omnium
897 870 1070 947 hominum,
1104 872 1138 935 et
1172 871 1249 936 diem

291 993 308 1027 «
324 967 440 1042 iudicii,
464 967 494 1030 in
526 986 586 1048 quo
619 968 840 1049 unusquisque,
870 968 1038 1033 secundum
1071 987 1166 1051 opera
1197 989 1250 1034 sus

291 1066 501 1146 «recepturus
517 1067 565 1129 est
580 1087 618 1139 »ς
644 1066 675 1128 66
691 1065 754 1129 alia
772 1065 887 1129 similia
903 1065 1012 1144 facere,
1029 1085 1109 1147 quae
1126 1086 1145 1131 a
1164 1085 1248 1131 cano·

286 1165 377 1228 nibus
400 1163 630 1246 praecipiuntur
654 1161 702 1246 (C.
726 1163 859 1240 Ferrari,
879 1163 967 1246 155).
981 1201 1023 1210 -
1040 1163 1132 1228 Unde
1156 1164 1250 1240 Trid,

289 1263 369 1327 Sese.
402 1261 455 1338 24,
485 1279 551 1342 cap.
584 1261 614 1336 3,
645 1259 682 1323 dc
713 1259 865 1338 Rcfbrm,
894 1261 957 1324 ait:
985 1283 1003 1318 ‹
1025 1260 1249 1325 Visitationnm

286 1360 392 1424 autem
416 1357 555 1422 omnium
578 1357 711 1422 istarum
734 1357 917 1440 praecipuus
938 1357 981 1422 sit
1004 1377 1127 1440 scopus,
1145 1377 1247 1423 sanam

288 1457 551 1537 orthodoxamque
575 1456 758 1531 doctrinam,
783 1455 918 1537 expulsis
940 1456 1132 1533 haeresibus,
1165 1456 1248 1520 indu-

287 1576 369 1631 cere3
394 1556 488 1620 bonos
519 1573 619 1618 mores
650 1555 742 1631 tueri,
769 1573 882 1636 pravos
909 1547 1077 1638 coirigere3
1103 1555 1248 1637 populum

286 1655 413 1720 cohorte
416 1653 553 1718 tionibus
575 1653 607 1716 et
629 1651 895 1717 admonitionibus
922 1652 962 1716 ad
983 1652 1178 1735 religionem,
1202 1671 1248 1734 pc-

286 1772 361 1829 ccm,
385 1751 653 1832 innocentiamque
676 1749 861 1823 accendere;
885 1751 954 1814 caet
955 1769 1017 1826 era,
1034 1751 1131 1832 prout
1154 1751 1247 1823 locus,

285 1851 474 1932 tempus,et
497 1848 614 1913 occasio
636 1847 723 1922 feret,
741 1866 777 1912 ex
801 1847 997 1911 visitantium
1020 1846 1165 1929 prudent
1158 1867 1197 1922 ra,
1142 1845 1248 1911 tad

265 1946 422 2024 ¹fidelium
445 1946 581 2010 fructum
604 1945 704 2008 consti
705 1946 802 2009 t.uere
826 1943 912 2024 Quae
928 1964 949 2007 u
951 1945 1103 2009 tfacilius
1121 1945 1247 2010 felicius·

285 2064 344 2128 que
367 2043 541 2118 succedant,
565 2043 731 2106 monentur
753 2041 903 2124 praedicti
934 2061 1077 2106 omnese
1079 2041 1249 2126 tsinguli,

286 2144 325 2209 ad
349 2159 426 2224 quos
449 2141 544 2206 visita
546 2141 637 2204 tios
622 2141 798 2222 pact
708 2141 752 2216 t
776 2142 813 2204 ut
844 2142 973 2221 patema
997 2139 1153 2204 charitate
1176 2139 1246 2203 chri-

285 2243 448 2322 stianoque
472 2239 536 2303 zelo
558 2257 664 2303 omnes
687 2238 932 2320 amplectantur3
957 2237 1094 2318 ideoque,
1112 2237 1249 2303 modesto

285 2339 422 2404 contenti
445 2337 589 2418 equit
533 2337 589 2400 t
612 2336 838 2417 famulatuque,
863 2336 1020 2410 studeant,
1042 2355 1136 2417 quam
1162 2335 1246 2404 celer

285 2439 371 2512 rime,
388 2435 492 2500 debita
516 2436 621 2498 tamen
644 2453 714 2498 cum
731 2434 903 2518 diligentia,
921 2435 1135 2500 visitationem
1152 2436 1247 2517 ipsam

285 2534 492 2598 absolvere».
949 2596 954 2606 ,

330 2631 405 2694 656.
430 2666 473 2676 -
496 2629 593 2693 Nora.
618 2629 643 2692 Ι.
668 2629 704 2692 In
728 2627 833 2693 Gallia
861 2648 927 2694 mos
951 2631 999 2694 est
1029 2629 1246 2711 Episcoporum

285 2729 447 2794 dioecesim
463 2728 544 2792 inter
560 2728 623 2790 tres
636 2727 684 2792 vel
700 2729 836 2808 quatuor
851 2746 948 2792 annos
963 2727 1132 2790 successive
1149 2727 1246 2791 totam

284 2827 496 2892 visitationem
520 2844 664 2908 peragere
687 2824 776 2907 (data
800 2826 975 2890 extensione
1000 2825 1175 2908 territorii).

330 2923 405 2987 657.
422 2960 465 2970 -
489 2923 530 2986 ΙΙ.
549 2923 583 2988 Si
606 2923 788 2987 necessitate
804 2925 941 3006 cogente,
958 2923 1128 3005 Episcopus
1144 2920 1245 2987 visitet

285 3042 338 3105 per
354 3023 462 3098 alium,
475 3022 526 3085 hic
541 3021 740 3086 medietatem
758 3022 881 3086 tantum
899 3021 1125 3103 procurationis
1137 3018 1247 3104 poterit

285 3121 428 3202 recipere.
453 3120 540 3183 ldcm
555 3119 674 3183 resolve
690 3119 727 3183 de
743 3117 867 3184 Vicario
889 3117 1062 3200 Capitulari
1086 3116 1243 3184 dioecesim

287 3218 444 3282 visitante.

331 3317 406 3379 658.
430 3353 474 3362 -
505 3316 563 3380 III.
593 3315 664 3381 Non
695 3315 789 3378 datur
818 3313 988 3396 appellatio
1017 3313 1070 3378 sed
1100 3309 1246 3376 decolatio

287 3419 341 3478 too
344 3417 409 3477 tum
440 3415 471 3478 in
502 3413 632 3478 decretis
663 3414 702 3476 ab
732 3413 883 3495 Episcopo
913 3413 944 3476 in
975 3411 1155 3476 visitatione
1185 3407 1246 3473 sine

285 3511 437 3577 iudiciof
435 3513 486 3576 act
487 3512 513 3576 is
539 3507 614 3588 (oe.
578 3509 673 3576 f.O
697 3509 846 3593 Ferrari)

331 3610 474 3674 659.—
507 3610 690 3676 Procuratio
724 3613 770 3672 cet
758 3607 925 3672 tboccsta
955 3606 1141 3671 cosmometra
1171 3618 1245 3684 quac

285 3706 440 3787 aposcopo
462 3705 624 3769 dioecesim
646 3705 791 3768 6161666666
820 3703 908 3768 debet
897 3709 948 3768 tor
971 3703 1063 3768 66666
1090 3702 1242 3766 66666666-
