2750 4270
313 279 363 333 196
520 283 693 331 TRACTATUS
716 285 758 330 111.
784 287 823 331 DE
848 285 1067 332 ELECTIONIBUS

355 481 429 544 565.
444 519 487 526 -
506 483 643 563 Repuiae
670 483 860 548 canonicae.
880 519 922 528 —
937 481 1044 546 Noto:
1067 483 1144 548 Prae
1169 484 1252 548 oculis

308 580 433 654 habeas,
450 579 482 641 in
494 579 736 662 generalioribus
748 581 865 644 normis
876 580 974 654 Iuris,
986 582 1116 644 Decreta
1129 579 1176 645 SS.
1189 579 1254 646 Ocn-

309 677 537 762 gregationum,
573 697 644 741 nam
680 679 781 742 multa
812 677 936 742 variant
958 697 1012 760 pro
1035 679 1120 754 locis,
1144 681 1197 742 ete.
1220 716 1254 725 —

308 777 387 840 Risu.
412 773 451 836 1³.
476 773 597 837 Nullos
619 775 654 836 e'n
667 775 820 850 Ecclesia,
845 774 900 836 nbo'
921 774 982 837 cino
1005 765 1054 838 vel
1077 779 1137 838 tres
1152 774 1256 853 fuerint

308 875 342 936 c'n
366 873 612 952 concrepatione,
637 873 703 936 nisi
726 893 831 936 eornm
864 871 1007 935 electione
1032 874 1178 936 canonico
1209 873 1257 936 eb'·

306 973 410 1051 potor.
436 969 466 1034 Si
491 989 562 1034 vero
587 970 679 1034 aliter
703 970 772 1052 quis
796 969 965 1033 Ecclesiam
1001 970 1132 1052 adeptus
1166 971 1255 1044 finerit,

307 1069 401 1148 atque
435 1069 543 1132 contra
577 1069 741 1132 canonicae
776 1067 901 1150 regulae
937 1067 1133 1149 disciplinam
1163 1068 1256 1152 egerit,

308 1165 488 1247 expellatur.
515 1165 687 1245 (Decretcl.
713 1165 733 1228 i.
762 1167 789 1241 1,
816 1167 863 1227 iit.
887 1164 931 1227 Vi
955 1165 992 1227 cle
1016 1165 1118 1228 Eleet.
1142 1186 1203 1245 cap.
1220 1166 1256 1246 1).

307 1260 427 1325 Nullus
451 1283 466 1324 e
491 1262 580 1326 laicis
604 1283 672 1325 cnm
694 1259 861 1326 Genetricis
884 1261 933 1324 uel
954 1281 1023 1324 cnm
1040 1261 1200 1342 Episcopis
1214 1261 1249 1324 el'

306 1359 401 1440 pendi
430 1363 572 1422 essormot
598 1364 789 1438 potestatem,
815 1359 897 1440 quod
922 1359 948 1422 si
971 1358 1049 1422 forte
1074 1360 1145 1424 laici
1164 1361 1258 1424 notum

307 1458 380 1522 dare
404 1459 665 1540 praesumpserint
689 1459 738 1522 vel
754 1458 941 1539 pressionem
957 1457 1094 1536 fecerint,
1111 1459 1194 1522 nulla
1208 1459 1261 1521 erit

308 1555 427 1629 electio,
441 1573 501 1618 non
526 1555 669 1618 obstante
693 1553 913 1618 consuetudine
936 1556 1103 1632 contraria,
1120 1553 1266 1636 qnoediei

307 1652 395 1716 debet
426 1653 530 1733 potins
563 1636 749 1731 corruptele
775 1650 881 1736 (Greg.
906 1651 962 1728 IX,
997 1652 1086 1715 edict.
1116 1671 1262 1732 perpes

313 1748 347 1812 0.
360 1750 525 1827 Messena,
550 1750 592 1812 56
616 1749 652 1812 ete
666 1748 797 1832 Ilicet).
810 1749 919 1830 Erpa:
935 1749 1031 1814 Nulla
1047 1752 1095 1815 est
1111 1752 1213 1815 electio
1227 1751 1264 1814 ob

307 1849 533 1912 immissionem
556 1848 739 1912 inhabilium
758 1849 1005 1932 suffragantium.
1023 1847 1085 1912 Cir.
1103 1849 1166 1914 dec.
1183 1848 1265 1912 varia

309 1945 340 2008 in
364 1945 482 2008 collect.
508 1944 559 2009 SS.
585 1943 643 2010 00.

354 2043 658 2107 566.-Rna.11².
679 2041 750 2106 Cum
774 2059 899 2106 nancrro
923 2059 1036 2106 ruunrr
1060 2059 1267 2118 censeamini,

308 2140 520 2224 praesentibus
545 2141 695 2216 omuibus,
720 2141 773 2222 qui
797 2141 908 2203 debent
923 2142 954 2204 et
971 2141 1128 2204 voluntat
1144 2143 1268 2223 possunt

308 2239 466 2304 commode
497 2239 652 2313 interesse,
689 2243 892 2302 mnemonico
917 2243 979 2302 tres
1001 2239 1039 2302 ele
1062 2239 1187 2320 collepe'o
1209 2239 1270 2320 (ide

307 2337 405 2417 digni,
431 2337 484 2417 qui
500 2338 615 2400 secrete
631 2337 816 2421 singillatim
830 2338 903 2401 vota
915 2339 1095 2400 cunctorum
1108 2337 1271 2420 diligenter

307 2435 478 2516 exquirant,
515 2435 546 2497 et
581 2435 611 2498 in
648 2435 770 2518 scriptis
805 2435 930 2498 redacta
959 2453 1030 2498 mor
1054 2435 1210 2516 publicent
1239 2435 1269 2497 in

306 2533 471 2610 communi,
507 2533 593 2598 nullo
630 2553 755 2614 prorsus
790 2533 1008 2614 appellationis
1041 2532 1202 2597 obstaculo
1225 2533 1272 2597 in-

307 2631 452 2705 teriect03
476 2633 513 2694 ut
536 2633 563 2695 is
590 2631 755 2695 collatione
789 2631 897 2694 habita
932 2631 1076 2713 eligatur,
1112 2631 1145 2694 in
1181 2649 1267 2712 quem

308 2745 413 2793 omnes
437 2729 486 2792 vei
509 2729 617 2806 maior,
641 2729 672 2792 et
696 2729 799 2792 sanior
822 2747 893 2810 pars
928 2725 1066 2810 Capituli
1097 2728 1270 2801 consentit;

307 2827 355 2890 vel
367 2827 479 2890 saltem
497 2826 630 2910 eligendi
646 2827 782 2908 potestas
795 2826 951 2908 aliquibus
968 2826 1043 2890 viris
1055 2825 1172 2890 idoneis
1188 2845 1268 2891 com·

307 2924 457 3000 mittitur,
483 2925 536 3005 qui
559 2925 625 2987 vice
656 2923 794 2987 omnium
818 2923 936 3006 eligant
959 2923 1053 3006 atque
1077 2925 1268 3007 provideant.

307 3022 408 3086 Aliter
431 3023 538 3086 electio
563 3041 623 3086 non
648 3021 765 3085 valeat:
791 3021 851 3084 nisi
874 3021 952 3084 forte
976 3021 1178 3084 communiter
1193 3023 1271 3085 esset

308 3119 347 3182 cb
371 3120 513 3184 omnibns
536 3119 629 3199 qnasi
650 3137 710 3182 rna
725 3136 972 3192 rnsrrnnrrouun,
990 3120 1107 3200 absque
1122 3120 1210 3194 nitio,
1227 3137 1269 3182 ce-

307 3218 437 3282 lebrata.
461 3216 520 3296 Qui
544 3235 616 3281 vero
640 3218 746 3280 contra
771 3218 976 3299 praescriptas
1007 3215 1123 3281 formas
1158 3218 1269 3302 eligere

308 3315 543 3391 attentaverint,
556 3311 688 3396 eligendi
712 3314 829 3377 carice
852 3314 1008 3395 potestate
1031 3314 1267 3395 privantur.·-

308 3411 445 3476 Praelati
468 3413 625 3496 regulares
649 3411 723 3495 eligi
739 3430 800 3476 non
816 3413 946 3494 possunt
956 3431 1017 3491 per
1033 3412 1267 3492 inspirationem

309 3507 432 3592 (Tria).

355 3606 429 3668 567.
456 3641 495 3652 -
520 3606 599 3670 Rae.
624 3605 696 3668 111⁸.
721 3604 752 3670 Sr
768 3622 837 3682 curs
859 3623 947 3671 rusrc
978 3623 1191 3671 rurunrrranro
1214 3617 1264 3668 on·

310 3721 428 3768 rannus
450 3705 483 3766 in
508 3703 664 3767 electionis
687 3704 808 3786 negotio
824 3721 968 3780 mansor
991 3721 1139 3769 conncnn
1162 3717 1262 3768 rures-
