2818 4276
318 224 368 280 108
546 226 651 274 TRACT.
676 227 715 274 DE
739 225 813 274 IURE
836 226 925 272 PUBL.
949 227 982 273 IN
1006 227 1077 276 GEN.

317 427 443 506 listram,
468 425 521 508 qui
544 426 628 508 pacis
655 425 864 507 procurandae
880 445 984 503 causa,
1001 426 1178 509 Principum
1203 427 1286 492 rela-

315 525 416 588 tiones
446 543 516 588 cum
548 523 692 587 Ecclesiis
721 523 962 605 particularibus
992 523 1146 588 ordinant.
1171 522 1287 604 Quoad

316 623 439 704 tempus
455 639 537 697 vero,
548 621 634 704 origo
648 619 910 686 Concordatorum
927 621 1091 704 repetenda
1107 624 1155 686 est
1179 641 1200 686 a
1217 641 1289 686 con·

315 719 538 784 testationibus
560 719 697 801 Philippi
712 719 837 784 Pulchri
860 722 967 784 contra
982 720 1178 785 Bonifaoium
1195 720 1287 796 Vlll,

315 835 353 880 ac
369 817 588 898 consequenter
604 836 622 880 a
639 814 803 897 Zelotppio
819 815 936 891 Status,
962 818 1015 899 qui
1038 818 1195 882 immerito
1222 837 1289 882 sus·

316 914 422 995 plcans
444 914 619 978 invasiones
651 933 777 978 suorum
801 914 916 978 iunium
941 934 976 979 er
1007 917 1094 998 parte
1118 915 1288 991 Ecclesiae,

316 1013 405 1076 illam
428 1012 551 1096 indigne
575 1013 733 1088 tractavit,
758 1013 913 1076 aerariis
937 1013 1037 1078 modis
1060 1013 1201 1078 insecuta
1228 1013 1287 1087 est,

318 1110 479 1192 praecipue
503 1112 757 1192 usurpationibus
780 1111 946 1193 potcstatis
962 1111 1188 1176 ecclesiasticae
1206 1127 1288 1193 quas

317 1206 427 1272 Status
450 1209 624 1292 legitimare
647 1207 859 1273 contendebat.
883 1207 969 1287 Quae
993 1209 1097 1274 omnia
1112 1210 1220 1291 peiora
1237 1226 1289 1290 po·

318 1307 385 1370 stea
408 1307 491 1370 facta
512 1309 595 1383 sunt,
612 1306 859 1389 protestantismi
874 1306 1088 1371 accedentibus
1105 1305 1287 1388 perniciosis

318 1404 484 1469 influxibus
507 1405 538 1468 in
561 1406 726 1469 civitatum
750 1404 906 1487 gubernio.

364 1498 440 1566 338.
463 1538 508 1549 -
531 1501 724 1585 Quapropter
746 1502 797 1583 pia
821 1501 923 1566 Mater
945 1501 1092 1578 Ecclesia,
1117 1503 1154 1565 ut
1170 1503 1221 1566 tot
1237 1521 1288 1565 ca-

319 1599 517 1664 lamitatibus
541 1601 721 1674 occurreret,
746 1599 868 1663 fortiter
891 1599 1043 1683 pugnavit
1067 1599 1216 1664 adversus
1241 1619 1288 1664 er·

265 1689 268 1714 ¹
319 1717 404 1763 rores
427 1701 459 1762 ct
481 1699 698 1780 usurpationes
722 1698 785 1761 sive
808 1716 862 1779 per
877 1695 1133 1774 Constitutioncs,
1151 1699 1217 1763 sive
1234 1716 1289 1781 per

318 1797 530 1873 anathemata,
554 1797 618 1860 sive
641 1815 695 1876 per
710 1795 861 1859 salutaria
876 1795 1006 1868 monita,
1024 1797 1082 1859 etc.
1100 1795 1230 1873 Deinde,
1248 1793 1288 1859 ad

318 1893 542 1958 aemulationes
565 1893 673 1957 Status
697 1891 907 1967 destruendas,
940 1891 1011 1956 iniit
1039 1893 1126 1956 varia
1150 1891 1287 1957 Concor·

318 1989 409 2070 data,
421 1991 531 2071 quibus
547 1990 653 2071 aliqua
668 1989 705 2053 dc
718 1989 860 2054 exercitio
872 2007 926 2052 seu
938 2009 997 2054 usu
1009 1989 1183 2054 mediorum
1200 1987 1286 2054 haud

320 2089 561 2152 necessariorum
584 2089 733 2152 concessit
756 2087 906 2151 saeculari
929 2088 1089 2170 potestati,
1103 2090 1140 2151 ut
1164 2089 1227 2152 ista
1251 2087 1287 2151 li·

320 2185 424 2250 beram
448 2185 603 2268 relinquet
626 2205 661 2249 ac
685 2187 811 2270 tueatur
833 2185 1003 2249 Eccleriam
1026 2185 1056 2248 in
1081 2186 1286 2250 saluberrima

319 2303 377 2347 sua
400 2283 555 2359 missione,
580 2285 611 2347 ct
635 2301 707 2364 pace
730 2283 887 2358 restituta,
905 2283 1015 2364 optimi
1030 2283 1148 2346 renasci
1165 2282 1285 2365 possint

320 2380 439 2444 fructus
462 2399 497 2444 en
520 2381 682 2462 utriusque
706 2381 870 2462 potestatis
893 2380 1005 2444 unione
1029 2381 1176 2445 oriundis.

366 2478 442 2540 339.
478 2515 521 2524 -
555 2478 636 2562 Ergo
663 2477 695 2540 1⁰
718 2477 853 2541 Ecclesia
877 2496 937 2542 non
961 2479 1120 2542 renuntiat
1144 2497 1219 2542 suae
1235 2495 1285 2561 po-

320 2575 441 2652 testati,
465 2575 518 2640 sed
541 2575 736 2640 solummodo
759 2575 819 2639 sibi
841 2575 1002 2659 restringit
1024 2595 1115 2638 nsum
1139 2593 1284 2658 quorum-

320 2673 394 2736 dam
417 2672 600 2738 mediorum.
629 2673 664 2736 2⁰
689 2672 797 2738 Status
825 2673 858 2737 vi
888 2674 971 2755 pacti
1002 2692 1056 2737 seu
1088 2671 1282 2746 Concordati,

321 2769 444 2834 tenetur
467 2789 540 2853 erge
564 2771 732 2834 Ecclesiam
756 2770 795 2834 ad
819 2771 875 2834 illa
899 2771 938 2834 ad
962 2789 1040 2853 quae
1064 2789 1099 2834 er
1114 2771 1182 2834 iure
1197 2771 1285 2834 natu·

321 2867 381 2931 rali
404 2868 436 2931 et
458 2866 561 2932 diuino
585 2868 720 2951 positivo
744 2868 807 2931 iam
831 2868 1004 2932 tenebatur.
1036 2869 1071 2931 3⁰
1094 2867 1231 2932 Ecclesia
1254 2867 1283 2930 in

320 2963 520 3031 Concordatis
544 2966 599 3031 dat
622 2985 701 3048 quae
725 2983 784 3030 non
809 2965 907 3041 debet,
932 2967 964 3030 et
988 2965 1100 3048 accipit
1121 2983 1199 3046 quae
1222 2965 1284 3028 iam

320 3064 380 3146 ipsi
403 3063 602 3129 debebantur.
617 3066 651 3126 4⁰
668 3063 810 3128 Pontifex
825 3064 885 3127 init
901 3061 1103 3140 Concordata,
1120 3081 1182 3144 qua
1199 3062 1280 3137 talis,

319 3181 374 3228 seu
398 3183 459 3245 qua
482 3163 578 3246 Papa.
602 3163 685 3246 Ergo
708 3161 899 3243 principatus
922 3161 1022 3225 civilis
1047 3159 1181 3224 Romani
1204 3159 1283 3224 Pon·

321 3261 414 3326 tiliois
438 3263 568 3326 nonest
592 3279 685 3324 causa
710 3259 772 3324 vim
797 3259 944 3341 praebens
967 3257 1187 3324 Concordatis:
1214 3273 1283 3342 ergo

321 3359 471 3444 sacrilega
495 3359 657 3441 usurpatio
680 3357 755 3421 dicti
778 3357 970 3439 principatus
993 3375 1054 3421 non
1069 3357 1184 3420 minuit
1210 3353 1282 3420 (lou-

320 3456 520 3522 cordatorum
544 3457 646 3520 robur.

368 3553 443 3618 340.
458 3590 500 3600 —
515 3553 698 3618 Novissime
719 3549 914 3616 Concordem
929 3549 1081 3628 differant
1095 3571 1116 3614 o
1124 3549 1295 3630 prioribus

321 3651 353 3714 in
377 3669 411 3718 eo
435 3651 516 3733 quod
539 3669 600 3716 non
623 3651 749 3715 tantum
765 3648 916 3732 quasdam
932 3667 981 3714 res
997 3647 1208 3732 disciplinatos
1224 3663 1285 3729 spe·
