2856 4276
336 275 368 327 18
694 276 920 321 PROLEGorffixA

331 471 471 534 fallacias
487 471 582 534 etiam
595 469 817 534 catholicorum
834 469 1020 544 liberalium,
1033 471 1082 534 uti
1094 472 1216 546 vocant,
1230 471 1294 534 sive

330 567 457 632 illorum
481 569 534 649 qui
558 587 664 631 veram
687 568 763 631 iuris
786 567 884 630 divini
906 569 938 630 et
971 567 1101 630 humaui
1134 568 1292 632 notionem
1398 569 1399 574 ’

331 665 363 728 iu
377 666 549 730 multorum
565 659 721 729 mentibus
736 666 934 740 offuscarent,
955 665 1095 729 omnibus
1110 667 1292 748 patefacere,

330 766 363 827 et
378 765 511 828 emedio
528 764 647 828 tollere.
659 763 742 826 Nam
757 782 862 826 eorum
878 763 1003 845 placita,
1016 763 1129 843 11111111
1143 765 1235 828 nullo
1244 765 1294 828 de-

331 1003 361 1053 11
378 999 512 1068 graviora
530 998 602 1052 facit
619 997 692 1051 vitia
718 1000 896 1064 peccatorum
925 996 1084 1050 sublimitas
1112 998 1290 1066 peccantium

331 1090 405 1157 (cap.
424 1089 509 1141 Nulli
524 1088 571 1154 faa
588 1089 625 1141 sit
642 1090 668 1140 4.
688 1087 834 1139 1111125.
854 1105 880 1154 q.
903 1083 937 1152 1).

397 1177 425 1244 j>
445 1177 603 1231 Violatores
623 1192 762 1230 canonum
777 1175 931 1229 voluntarii
948 1175 1074 1244 graviter
1088 1192 1106 1228 1
1119 1175 1227 1230 sanctis
1241 1176 1291 1230 Pa-

329 1268 420 1322 tribus
438 1266 614 1319 iudicantur:
634 1269 663 1318 et
682 1282 699 1317 a
719 1265 822 1319 Sancto
851 1265 957 1333 Spiritu
985 1262 1135 1330 (instinctu
1161 1267 1240 1320 cuius
1258 1283 1291 1320 ac
1403 1284 1404 1287 ¹

329 1359 403 1412 dono
422 1356 523 1409 dictati
542 1355 619 1419 sunt)
639 1355 818 1417 damnantur,
837 1355 971 1422 quoniam
989 1356 1187 1423 blasphemare
1206 1355 1291 1424 Spiri-

329 1449 389 1499 tum
411 1445 546 1498 Sanctum
565 1462 620 1498 non
641 1445 794 1513 incongrue
822 1443 960 1507 videntur,
980 1444 1029 1512 qui
1048 1448 1148 1498 contra
1178 1445 1291 1499 eosdem
1402 1459 1403 1462 ’

330 1553 424 1590 sacros
443 1553 566 1589 canones
595 1553 651 1589 non
679 1535 849 1587 necessitate
877 1534 1024 1601 compulsi,
1044 1533 1092 1586 sed
1110 1533 1241 1592 libenter,
1260 1539 1291 1590 ut

329 1627 516 1694 praemissum
535 1629 587 1689 est,
601 1625 710 1692 aliquid
724 1629 773 1678 aut
792 1630 922 1692 proterve
941 1629 1039 1693 agunt,
1053 1629 1103 1678 aut
1121 1625 1200 1692 loqui
1213 1642 1290 1693 prac-
1398 1643 1399 1666 ³

329 1719 452 1774 sumunt,
471 1720 521 1769 aut
550 1715 643 1769 facere
671 1715 830 1768 volentibus
862 1719 963 1782 sponte
989 1714 1178 1768 consentiunt.
1212 1714 1290 1768 Talis
1398 1787 1399 1792 Ἰ

328 1805 404 1860 enim
424 1805 616 1873 praesumptio
648 1803 799 1858 manifeste
818 1823 903 1856 unum
923 1821 1012 1873 genus
1032 1807 1076 1857 est
1093 1803 1290 1872 blaspheman-

328 1895 401 1949 tium
420 1895 556 1962 Spiritum
577 1895 723 1948 Sanctum:
744 1895 819 1961 quia,
833 1894 935 1948 utiam
954 1893 1143 1962 praelibatum
1162 1898 1290 1958 111111-

327 1989 374 2039 tra
392 2002 455 2038 eum
475 1985 636 2054 agitemus
654 1988 725 2038 nutu
738 1988 767 2038 et
779 1983 874 2054 gratia
893 1984 985 2038 sancti
1004 2001 1126 2038 canones
1140 1983 1211 2039 editi
1225 1988 1289 2038 sunt

327 2072 400 2142 (cap.
427 2075 578 2130 Violatcrea
595 2077 620 2128 5,
640 2091 726 2128 causa
747 2075 790 2126 25.
810 2091 838 2142 q.
859 2071 894 2137 1).

399 2164 428 2226 1)
448 2164 541 2218 Prima
561 2165 637 2218 11111
656 2167 708 2221 est,
722 2167 817 2218 rectae
835 2162 902 2216 fidei
919 2163 1048 2232 regulam
1066 2162 1216 2227 custodire,
1230 2167 1289 2218 eta

327 2255 490 2310 constitutis
510 2253 626 2306 Petrum
645 2253 806 2306 nullatenus
826 2251 939 2306 deviare
957 2248 1031 2320 (cap.
1045 2251 1144 2306 Prima
1159 2253 1184 2306 9.
1203 2269 1287 2306 11111

326 2345 369 2398 25.
390 2363 417 2412 q.
439 2345 479 2407 1).

399 2435 420 2502 l)
439 2433 541 2487 Omnia
555 2432 716 2495 decretalia,
727 2437 756 2486 et
769 2436 932 2486 cunctorum
942 2431 1118 2485 decessorum
1128 2435 1288 2486 nostrorum

327 2524 492 2587 constituta,
512 2539 586 2590 quae
599 2522 633 2576 de
646 2521 845 2576 ecclesiasticis
865 2521 1009 2576 ordinibus
1022 2525 1051 2576 et
1069 2538 1209 2575 canonum
1229 2539 1288 2590 pro-

326 2614 457 2682 mulgata
469 2619 536 2668 sunt
548 2612 715 2680 disciplinis,
725 2613 767 2666 111
777 2629 794 2665 1
805 2611 892 2679 vobis,
902 2616 932 2666 et
944 2613 980 2665 ab
992 2611 1121 2666 omnibus
1134 2612 1287 2681 Episcopis,

327 2719 361 2756 ac
374 2703 483 2756 cunctis
497 2702 668 2772 generaliter
688 2701 885 2756 Sacerdotibus
905 2701 1041 2756 custodiri
1054 2701 1156 2755 debere
1174 2703 1286 2756 manda·

327 2810 397 2856 mus,
417 2796 449 2846 ut
467 2793 491 2846 si
511 2793 574 2861 quis
592 2793 623 2846 in
652 2793 704 2846 illa
731 2791 903 2846 commiserit
931 2791 1043 2845 veniam
1074 2791 1128 2845 sibi
1155 2792 1286 2863 deinceps

326 2883 438 2936 noverit
456 2883 591 2950 denegari
609 2879 683 2949 (cap.
704 2881 866 2936 01111112.
886 2882 1041 2935 1111125.
1061 2899 1089 2948 q.
1110 2883 1145 2947 l).

397 2971 436 3040 m)
454 2971 515 3026 Hac
533 2989 656 3026 consona
674 2972 781 3026 sanctis
799 2970 931 3024 Patribus
950 2966 1124 3025 deffinitione
1137 2973 1286 3033 sancimus,

327 3062 426 3130 utqui
445 3061 532 3115 111111
551 3061 643 3114 nescit
667 3061 780 3116 obedire
808 3060 972 3121 canonibus,
991 3077 1043 3114 uec
1062 3060 1149 3113 sacris
1169 3061 1287 3116 admini-

327 3154 426 3215 strare,
445 3168 497 3205 nec
516 3151 740 3205 communionem
760 3167 860 3219 capere
880 3150 917 3204 sit
936 3151 1038 3220 dignus
1057 3149 1195 3204 altaribus
1214 3149 1286 3220 (cap.

328 3239 393 3294 Hac
411 3257 532 3296 consono
552 3241 592 3294 13.
613 3255 699 3293 cauea
718 3241 765 3292 25.
790 3257 816 3308 q.
838 3240 875 3304 1).

397 3331 430 3394 a)
449 3329 605 3398 amputato
624 3329 711 3384 totius
730 3329 921 3398 usurpationis
950 3345 1073 3394 excessu,
1092 3329 1186 3384 nullus
1206 3331 1289 3385 debet

324 3436 503 3487 praesumere
517 3436 589 3487 quae
603 3419 657 3472 sibi
673 3437 728 3474 non
741 3420 875 3474 videntur
888 3436 949 3474 esse
963 3435 1103 3474 concessa.
1117 3420 1202 3474 -Ea
1217 3437 1288 3490 quae

325 3509 392 3560 sunt
411 3506 447 3559 ab
465 3506 618 3574 Apostolis,
640 3522 792 3574 eorumque
820 3506 1026 3562 successoribus
1054 3505 1196 3567 instituta,
1211 3509 1288 3562 nulla

326 3595 435 3650 desidia
454 3597 647 3666 negligantur,
669 3598 749 3652 nulla
771 3597 945 3654 dissensione
965 3597 1115 3662 violentur,
1129 3599 1209 3652 nulla
1227 3616 1287 3654 con·

328 3685 483 3739 certatione
511 3685 660 3740 turbentur
679 3684 757 3754 (cap.
779 3687 932 3755 Amputoto
952 3687 998 3740 11.
1016 3687 1196 3756 11111251
1215 3687 1253 3752 2).
