<?xml version="1.0" encoding="UTF-8"?>
<!DOCTYPE html PUBLIC "-//W3C//DTD XHTML 1.0 Transitional//EN"
    "http://www.w3.org/TR/xhtml1/DTD/xhtml1-transitional.dtd">
<html xmlns="http://www.w3.org/1999/xhtml" xml:lang="en" lang="en">
 <head>
  <title>
</title>
<meta http-equiv="Content-Type" content="text/html;charset=utf-8" />
  <meta name='ocr-system' content='tesseract 3.04.00' />
  <meta name='ocr-capabilities' content='ocr_page ocr_carea ocr_par ocr_line ocrx_word'/>
</head>
<body>
  <div class='ocr_page' id='page_1' title='image "./compendiumiuris00tutgoog_0413.png"; bbox 0 0 2812 4268; ppageno 0'>
   <div class='ocr_carea' id='block_1_1' title="bbox 278 275 941 330">
    <p class='ocr_par' dir='ltr' id='par_1_1' title="bbox 278 275 941 330">
     <span class='ocr_line' id='line_1_1' title="bbox 278 275 941 330; baseline -0.003 0"><span class='ocrx_word' id='word_1_1' title='bbox 278 275 331 330; x_wconf 78' lang='grc'>404</span> <span class='ocrx_word' id='word_1_2' title='bbox 478 293 480 298; x_wconf 94' lang='grc'><strong><em>·</em></strong></span> <span class='ocrx_word' id='word_1_3' title='bbox 580 275 755 328; x_wconf 76' lang='lat' dir='ltr'>TRACTATUS</span> <span class='ocrx_word' id='word_1_4' title='bbox 778 279 818 327; x_wconf 87' lang='lat' dir='ltr'>DE</span> <span class='ocrx_word' id='word_1_5' title='bbox 842 279 941 328; x_wconf 85' lang='lat' dir='ltr'>EEBUS</span> 
     </span>
    </p>
   </div>
   <div class='ocr_carea' id='block_1_2' title="bbox 277 475 1250 658">
    <p class='ocr_par' dir='ltr' id='par_1_2' title="bbox 277 475 1250 658">
     <span class='ocr_line' id='line_1_2' title="bbox 325 475 1247 558; baseline 0.003 -18"><span class='ocrx_word' id='word_1_6' title='bbox 325 475 420 540; x_wconf 77' lang='lat'>1234.</span> <span class='ocrx_word' id='word_1_7' title='bbox 445 513 489 522; x_wconf 93' lang='lat'>-</span> <span class='ocrx_word' id='word_1_8' title='bbox 515 478 718 558; x_wconf 68' lang='lat' dir='ltr'>monasteria.</span> <span class='ocrx_word' id='word_1_9' title='bbox 731 513 775 524; x_wconf 88' lang='lat'>-·</span> <span class='ocrx_word' id='word_1_10' title='bbox 787 476 812 540; x_wconf 89' lang='lat'>1.</span> <span class='ocrx_word' id='word_1_11' title='bbox 829 475 878 540; x_wconf 84' lang='lat' dir='ltr'>Ad</span> <span class='ocrx_word' id='word_1_12' title='bbox 895 495 1008 540; x_wconf 88' lang='lat' dir='ltr'>novum</span> <span class='ocrx_word' id='word_1_13' title='bbox 1021 478 1247 543; x_wconf 86' lang='lat' dir='ltr'>monasterium</span> 
     </span>
     <span class='ocr_line' id='line_1_3' title="bbox 277 574 1250 658; baseline 0.002 -19"><span class='ocrx_word' id='word_1_14' title='bbox 277 574 455 658; x_wconf 85' lang='lat' dir='ltr'>erigendum</span> <span class='ocrx_word' id='word_1_15' title='bbox 467 575 636 656; x_wconf 75' lang='lat' dir='ltr'><strong>requiritur</strong></span> <span class='ocrx_word' id='word_1_16' title='bbox 648 575 737 638; x_wconf 87' lang='lat' dir='ltr'>venia</span> <span class='ocrx_word' id='word_1_17' title='bbox 749 575 892 657; x_wconf 78' lang='lat' dir='ltr'>Episcopi</span> <span class='ocrx_word' id='word_1_18' title='bbox 904 575 1012 657; x_wconf 86' lang='lat' dir='ltr'>(quam</span> <span class='ocrx_word' id='word_1_19' title='bbox 1024 575 1140 656; x_wconf 83' lang='lat' dir='ltr'><strong>absque</strong></span> <span class='ocrx_word' id='word_1_20' title='bbox 1152 595 1250 641; x_wconf 85' lang='lat' dir='ltr'>causa</span> 
     </span>
    </p>
   </div>
   <div class='ocr_carea' id='block_1_3' title="bbox 202 671 1382 758">
    <p class='ocr_par' dir='ltr' id='par_1_3' title="bbox 202 671 1382 758">
     <span class='ocr_line' id='line_1_4' title="bbox 202 671 1382 758; baseline -0.001 -19"><span class='ocrx_word' id='word_1_21' title='bbox 202 721 204 725; x_wconf 87' lang='lat'><em>-</em></span> <span class='ocrx_word' id='word_1_22' title='bbox 277 693 389 758; x_wconf 86' lang='lat' dir='ltr'>negare</span> <span class='ocrx_word' id='word_1_23' title='bbox 412 691 472 738; x_wconf 92' lang='lat' dir='ltr'>non</span> <span class='ocrx_word' id='word_1_24' title='bbox 495 673 617 756; x_wconf 88' lang='lat' dir='ltr'>potest:</span> <span class='ocrx_word' id='word_1_25' title='bbox 634 673 816 756; x_wconf 86' lang='lat' dir='ltr'>Huguenin)</span> <span class='ocrx_word' id='word_1_26' title='bbox 829 674 861 736; x_wconf 88' lang='lat' dir='ltr'>et</span> <span class='ocrx_word' id='word_1_27' title='bbox 870 672 1098 755; x_wconf 88' lang='lat' dir='ltr'>beneplacitum</span> <span class='ocrx_word' id='word_1_28' title='bbox 1114 671 1250 738; x_wconf 80' lang='lat' dir='ltr'>Sanctae</span> <span class='ocrx_word' id='word_1_29' title='bbox 1381 697 1382 702; x_wconf 47' lang='lat'>¹</span> 
     </span>
    </p>
   </div>
   <div class='ocr_carea' id='block_1_4' title="bbox 278 767 1249 933">
    <p class='ocr_par' dir='ltr' id='par_1_4' title="bbox 278 767 1249 933">
     <span class='ocr_line' id='line_1_5' title="bbox 278 767 1028 854; baseline -0.004 -19"><span class='ocrx_word' id='word_1_30' title='bbox 278 771 374 836; x_wconf 82' lang='lat' dir='ltr'>Sedis.</span> <span class='ocrx_word' id='word_1_31' title='bbox 399 767 571 834; x_wconf 83' lang='lat' dir='ltr'>Seruandae</span> <span class='ocrx_word' id='word_1_32' title='bbox 595 769 690 834; x_wconf 87' lang='lat' dir='ltr'>etiam</span> <span class='ocrx_word' id='word_1_33' title='bbox 707 769 797 854; x_wconf 72' lang='lat' dir='ltr'>,leges</span> <span class='ocrx_word' id='word_1_34' title='bbox 820 769 952 846; x_wconf 82' lang='lat' dir='ltr'><strong>Ordinis,</strong></span> <span class='ocrx_word' id='word_1_35' title='bbox 970 771 1028 834; x_wconf 88' lang='lat' dir='ltr'>etc.</span> 
     </span>
     <span class='ocr_line' id='line_1_6' title="bbox 324 864 1249 933; baseline 0.001 -3"><span class='ocrx_word' id='word_1_36' title='bbox 324 867 419 930; x_wconf 83' lang='lat'>1235.</span> <span class='ocrx_word' id='word_1_37' title='bbox 444 901 487 914; x_wconf 88' lang='lat'><em>-</em></span> <span class='ocrx_word' id='word_1_38' title='bbox 509 867 551 930; x_wconf 85' lang='grc' dir='ltr'>ΙΙ.</span> <span class='ocrx_word' id='word_1_39' title='bbox 576 864 755 933; x_wconf 79' lang='lat' dir='ltr'>Cauendum</span> <span class='ocrx_word' id='word_1_40' title='bbox 779 867 828 932; x_wconf 89' lang='lat' dir='ltr'>est</span> <span class='ocrx_word' id='word_1_41' title='bbox 851 885 888 930; x_wconf 94' lang='lat' dir='ltr'>ue</span> <span class='ocrx_word' id='word_1_42' title='bbox 905 865 936 930; x_wconf 92' lang='lat' dir='ltr'>id</span> <span class='ocrx_word' id='word_1_43' title='bbox 952 866 1009 930; x_wconf 85' lang='lat' dir='ltr'>fiat</span> <span class='ocrx_word' id='word_1_44' title='bbox 1024 885 1095 930; x_wconf 89' lang='lat' dir='ltr'>cum</span> <span class='ocrx_word' id='word_1_45' title='bbox 1112 867 1249 932; x_wconf 74' lang='lat' dir='ltr'>aliorum</span> 
     </span>
    </p>
   </div>
   <div class='ocr_carea' id='block_1_5' title="bbox 276 963 1383 1049">
    <p class='ocr_par' dir='ltr' id='par_1_5' title="bbox 276 963 1383 1049">
     <span class='ocr_line' id='line_1_7' title="bbox 276 963 1383 1049; baseline -0.003 -20"><span class='ocrx_word' id='word_1_46' title='bbox 276 963 418 1039; x_wconf 79' lang='lat' dir='ltr'>iactura3</span> <span class='ocrx_word' id='word_1_47' title='bbox 443 965 630 1046; x_wconf 86' lang='lat' dir='ltr'>quapropter</span> <span class='ocrx_word' id='word_1_48' title='bbox 654 964 693 1028; x_wconf 87' lang='lat' dir='ltr'>ob</span> <span class='ocrx_word' id='word_1_49' title='bbox 726 963 877 1049; x_wconf 76' lang='lat' dir='ltr'>Episcopo</span> <span class='ocrx_word' id='word_1_50' title='bbox 912 963 1066 1046; x_wconf 88' lang='lat' dir='ltr'>imprimis</span> <span class='ocrx_word' id='word_1_51' title='bbox 1100 965 1246 1030; x_wconf 86' lang='lat' dir='ltr'>audiendi</span> <span class='ocrx_word' id='word_1_52' title='bbox 1382 1017 1383 1026; x_wconf 73' lang='grc'>,</span> 
     </span>
    </p>
   </div>
   <div class='ocr_carea' id='block_1_6' title="bbox 233 1060 1253 3784">
    <p class='ocr_par' dir='ltr' id='par_1_6' title="bbox 275 1060 1253 1534">
     <span class='ocr_line' id='line_1_8' title="bbox 277 1060 1253 1145; baseline 0.002 -19"><span class='ocrx_word' id='word_1_53' title='bbox 277 1063 350 1126; x_wconf 91' lang='lat' dir='ltr'>sunt</span> <span class='ocrx_word' id='word_1_54' title='bbox 373 1060 550 1145; x_wconf 82' lang='lat' dir='ltr'>Superiores</span> <span class='ocrx_word' id='word_1_55' title='bbox 573 1062 775 1142; x_wconf 89' lang='lat' dir='ltr'>antiquorum</span> <span class='ocrx_word' id='word_1_56' title='bbox 790 1063 1062 1139; x_wconf 75' lang='lat' dir='ltr'>monasteriorum,</span> <span class='ocrx_word' id='word_1_57' title='bbox 1076 1080 1160 1145; x_wconf 87' lang='lat' dir='ltr'>quae</span> <span class='ocrx_word' id='word_1_58' title='bbox 1175 1065 1253 1128; x_wconf 88' lang='lat' dir='ltr'>sunt</span> 
     </span>
     <span class='ocr_line' id='line_1_9' title="bbox 276 1158 1245 1242; baseline 0 -18"><span class='ocrx_word' id='word_1_59' title='bbox 276 1160 309 1224; x_wconf 93' lang='lat' dir='ltr'>in</span> <span class='ocrx_word' id='word_1_60' title='bbox 331 1159 407 1224; x_wconf 88' lang='lat' dir='ltr'>locis</span> <span class='ocrx_word' id='word_1_61' title='bbox 430 1159 545 1223; x_wconf 89' lang='lat' dir='ltr'>circum</span> <span class='ocrx_word' id='word_1_62' title='bbox 569 1158 680 1242; x_wconf 91' lang='lat' dir='ltr'>positis</span> <span class='ocrx_word' id='word_1_63' title='bbox 703 1159 787 1224; x_wconf 86' lang='lat' dir='ltr'>intra</span> <span class='ocrx_word' id='word_1_64' title='bbox 811 1161 945 1241; x_wconf 88' lang='lat' dir='ltr'>quatuor</span> <span class='ocrx_word' id='word_1_65' title='bbox 968 1159 1068 1224; x_wconf 90' lang='lat' dir='ltr'>millia</span> <span class='ocrx_word' id='word_1_66' title='bbox 1084 1179 1245 1242; x_wconf 84' lang='lat' dir='ltr'>passuum,</span> 
     </span>
     <span class='ocr_line' id='line_1_10' title="bbox 276 1256 1250 1339; baseline 0.001 -18"><span class='ocrx_word' id='word_1_67' title='bbox 276 1276 313 1321; x_wconf 90' lang='lat' dir='ltr'>ue</span> <span class='ocrx_word' id='word_1_68' title='bbox 329 1276 435 1322; x_wconf 90' lang='lat' dir='ltr'>eorum</span> <span class='ocrx_word' id='word_1_69' title='bbox 448 1257 634 1322; x_wconf 88' lang='lat' dir='ltr'>monasteria</span> <span class='ocrx_word' id='word_1_70' title='bbox 651 1258 774 1339; x_wconf 88' lang='lat' dir='ltr'>propter</span> <span class='ocrx_word' id='word_1_71' title='bbox 789 1256 929 1322; x_wconf 90' lang='lat' dir='ltr'>locorum</span> <span class='ocrx_word' id='word_1_72' title='bbox 945 1258 1162 1339; x_wconf 72' lang='lat' dir='ltr'>paupertatem</span> <span class='ocrx_word' id='word_1_73' title='bbox 1181 1259 1250 1322; x_wconf 84' lang='lat' dir='ltr'>aire</span> 
     </span>
     <span class='ocr_line' id='line_1_11' title="bbox 276 1353 1246 1438; baseline 0.001 -20"><span class='ocrx_word' id='word_1_74' title='bbox 276 1353 539 1438; x_wconf 85' lang='lat' dir='ltr'>eleemosynarum</span> <span class='ocrx_word' id='word_1_75' title='bbox 563 1355 759 1432; x_wconf 74' lang='lat' dir='ltr'>tenuitatem,</span> <span class='ocrx_word' id='word_1_76' title='bbox 784 1354 923 1436; x_wconf 86' lang='lat' dir='ltr'>aliasque</span> <span class='ocrx_word' id='word_1_77' title='bbox 945 1373 1055 1420; x_wconf 85' lang='lat' dir='ltr'>causas</span> <span class='ocrx_word' id='word_1_78' title='bbox 1074 1356 1195 1438; x_wconf 87' lang='lat' dir='ltr'>aliquid</span> <span class='ocrx_word' id='word_1_79' title='bbox 1211 1375 1246 1421; x_wconf 85' lang='lat' dir='ltr'>er</span> 
     </span>
     <span class='ocr_line' id='line_1_12' title="bbox 275 1452 918 1534; baseline -0.003 -18"><span class='ocrx_word' id='word_1_80' title='bbox 275 1470 356 1517; x_wconf 88' lang='lat' dir='ltr'>nova</span> <span class='ocrx_word' id='word_1_81' title='bbox 379 1452 559 1517; x_wconf 88' lang='lat' dir='ltr'>fundatione</span> <span class='ocrx_word' id='word_1_82' title='bbox 582 1452 762 1517; x_wconf 89' lang='lat' dir='ltr'>detrimenti</span> <span class='ocrx_word' id='word_1_83' title='bbox 784 1452 918 1534; x_wconf 86' lang='lat' dir='ltr'>cupiant.</span> 
     </span>
    </p>

    <p class='ocr_par' dir='ltr' id='par_1_7' title="bbox 273 1549 1248 2416">
     <span class='ocr_line' id='line_1_13' title="bbox 322 1549 1245 1618; baseline 0.001 -4"><span class='ocrx_word' id='word_1_84' title='bbox 322 1551 417 1614; x_wconf 84' lang='lat'><strong>1236.</strong></span> <span class='ocrx_word' id='word_1_85' title='bbox 442 1587 486 1597; x_wconf 85' lang='lat'>-—</span> <span class='ocrx_word' id='word_1_86' title='bbox 509 1550 566 1616; x_wconf 84' lang='grc' dir='ltr'><strong>ΙΙΙ.</strong></span> <span class='ocrx_word' id='word_1_87' title='bbox 591 1549 623 1615; x_wconf 87' lang='lat' dir='ltr'>Si</span> <span class='ocrx_word' id='word_1_88' title='bbox 646 1550 870 1618; x_wconf 87' lang='lat' dir='ltr'>monasterium</span> <span class='ocrx_word' id='word_1_89' title='bbox 894 1551 958 1613; x_wconf 87' lang='lat' dir='ltr'>sive</span> <span class='ocrx_word' id='word_1_90' title='bbox 981 1549 1018 1614; x_wconf 91' lang='lat' dir='ltr'>ob</span> <span class='ocrx_word' id='word_1_91' title='bbox 1053 1551 1245 1615; x_wconf 86' lang='lat' dir='ltr'>vetustatem</span> 
     </span>
     <span class='ocr_line' id='line_1_14' title="bbox 275 1647 1248 1731; baseline -0.001 -18"><span class='ocrx_word' id='word_1_92' title='bbox 275 1647 404 1714; x_wconf 89' lang='lat' dir='ltr'>aedificii</span> <span class='ocrx_word' id='word_1_93' title='bbox 428 1649 507 1731; x_wconf 92' lang='lat' dir='ltr'>quod</span> <span class='ocrx_word' id='word_1_94' title='bbox 531 1649 654 1712; x_wconf 91' lang='lat' dir='ltr'>ruinam</span> <span class='ocrx_word' id='word_1_95' title='bbox 677 1649 822 1723; x_wconf 88' lang='lat' dir='ltr'>minetur,</span> <span class='ocrx_word' id='word_1_96' title='bbox 848 1648 911 1711; x_wconf 88' lang='lat' dir='ltr'>siue</span> <span class='ocrx_word' id='word_1_97' title='bbox 942 1647 980 1711; x_wconf 90' lang='lat' dir='ltr'>ob</span> <span class='ocrx_word' id='word_1_98' title='bbox 1010 1648 1131 1712; x_wconf 89' lang='lat' dir='ltr'>coelum</span> <span class='ocrx_word' id='word_1_99' title='bbox 1162 1649 1248 1712; x_wconf 82' lang='lat' dir='ltr'>insu·</span> 
     </span>
     <span class='ocr_line' id='line_1_15' title="bbox 274 1744 1247 1836; baseline 0 -26"><span class='ocrx_word' id='word_1_100' title='bbox 274 1747 371 1823; x_wconf 90' lang='lat' dir='ltr'>lubre,</span> <span class='ocrx_word' id='word_1_101' title='bbox 396 1744 523 1811; x_wconf 87' lang='lat' dir='ltr'>siveob</span> <span class='ocrx_word' id='word_1_102' title='bbox 547 1747 649 1810; x_wconf 83' lang='lat' dir='ltr'>uarias</span> <span class='ocrx_word' id='word_1_103' title='bbox 671 1746 872 1836; x_wconf 85' lang='lat' dir='ltr'>gravissimas</span> <span class='ocrx_word' id='word_1_104' title='bbox 900 1763 1009 1810; x_wconf 85' lang='lat' dir='ltr'>causus</span> <span class='ocrx_word' id='word_1_105' title='bbox 1041 1745 1081 1809; x_wconf 90' lang='lat' dir='ltr'>ab</span> <span class='ocrx_word' id='word_1_106' title='bbox 1111 1764 1147 1809; x_wconf 88' lang='lat' dir='ltr'>eo</span> <span class='ocrx_word' id='word_1_107' title='bbox 1176 1746 1247 1811; x_wconf 91' lang='lat' dir='ltr'>loco</span> 
     </span>
     <span class='ocr_line' id='line_1_16' title="bbox 273 1842 1241 1926; baseline -0.001 -18"><span class='ocrx_word' id='word_1_108' title='bbox 273 1844 306 1908; x_wconf 92' lang='lat' dir='ltr'>in</span> <span class='ocrx_word' id='word_1_109' title='bbox 330 1862 389 1926; x_wconf 92' lang='lat' dir='ltr'>quo</span> <span class='ocrx_word' id='word_1_110' title='bbox 412 1845 548 1926; x_wconf 91' lang='lat' dir='ltr'>positum</span> <span class='ocrx_word' id='word_1_111' title='bbox 572 1844 674 1908; x_wconf 87' lang='lat' dir='ltr'>estin</span> <span class='ocrx_word' id='word_1_112' title='bbox 697 1843 804 1919; x_wconf 87' lang='lat' dir='ltr'>aliurn,</span> <span class='ocrx_word' id='word_1_113' title='bbox 836 1845 988 1924; x_wconf 87' lang='lat' dir='ltr'>quantum</span> <span class='ocrx_word' id='word_1_114' title='bbox 1019 1842 1085 1910; x_wconf 87' lang='lat' dir='ltr'>fieri</span> <span class='ocrx_word' id='word_1_115' title='bbox 1116 1843 1241 1924; x_wconf 83' lang='lat' dir='ltr'>poterit.</span> 
     </span>
     <span class='ocr_line' id='line_1_17' title="bbox 273 1941 1241 2025; baseline 0 -19"><span class='ocrx_word' id='word_1_116' title='bbox 273 1943 490 2025; x_wconf 85' lang='lat' dir='ltr'>proximiorem</span> <span class='ocrx_word' id='word_1_117' title='bbox 505 1943 607 2007; x_wconf 90' lang='lat' dir='ltr'>locum</span> <span class='ocrx_word' id='word_1_118' title='bbox 626 1941 872 2008; x_wconf 84' lang='lat' dir='ltr'>transferendum</span> <span class='ocrx_word' id='word_1_119' title='bbox 889 1942 940 2016; x_wconf 88' lang='lat' dir='ltr'>sit,</span> <span class='ocrx_word' id='word_1_120' title='bbox 957 1941 1162 2006; x_wconf 84' lang='lat' dir='ltr'>necessarium</span> <span class='ocrx_word' id='word_1_121' title='bbox 1183 1961 1241 2006; x_wconf 93' lang='lat' dir='ltr'>non</span> 
     </span>
     <span class='ocr_line' id='line_1_18' title="bbox 274 2038 1246 2122; baseline -0.001 -19"><span class='ocrx_word' id='word_1_122' title='bbox 274 2040 321 2104; x_wconf 88' lang='lat' dir='ltr'>est</span> <span class='ocrx_word' id='word_1_123' title='bbox 343 2039 499 2122; x_wconf 85' lang='lat' dir='ltr'>praelatus</span> <span class='ocrx_word' id='word_1_124' title='bbox 522 2039 712 2104; x_wconf 84' lang='lat' dir='ltr'>conditiones</span> <span class='ocrx_word' id='word_1_125' title='bbox 736 2039 907 2112; x_wconf 86' lang='lat' dir='ltr'>observare,</span> <span class='ocrx_word' id='word_1_126' title='bbox 937 2038 1009 2119; x_wconf 89' lang='lat' dir='ltr'>quia</span> <span class='ocrx_word' id='word_1_127' title='bbox 1040 2057 1100 2102; x_wconf 93' lang='lat' dir='ltr'>non</span> <span class='ocrx_word' id='word_1_128' title='bbox 1137 2040 1246 2122; x_wconf 81' lang='lat' dir='ltr'>agitur</span> 
     </span>
     <span class='ocr_line' id='line_1_19' title="bbox 273 2133 1240 2212; baseline -0.001 -12"><span class='ocrx_word' id='word_1_129' title='bbox 273 2135 310 2200; x_wconf 91' lang='lat' dir='ltr'>de</span> <span class='ocrx_word' id='word_1_130' title='bbox 333 2155 413 2202; x_wconf 88' lang='lat' dir='ltr'>novo</span> <span class='ocrx_word' id='word_1_131' title='bbox 436 2136 620 2200; x_wconf 83' lang='lat' dir='ltr'>exstruendo</span> <span class='ocrx_word' id='word_1_132' title='bbox 643 2136 841 2212; x_wconf 86' lang='lat' dir='ltr'>monasterio,</span> <span class='ocrx_word' id='word_1_133' title='bbox 867 2133 920 2198; x_wconf 83' lang='lat' dir='ltr'>sed</span> <span class='ocrx_word' id='word_1_134' title='bbox 943 2135 1089 2199; x_wconf 89' lang='lat' dir='ltr'>deveteri</span> <span class='ocrx_word' id='word_1_135' title='bbox 1113 2136 1240 2200; x_wconf 86' lang='lat' dir='ltr'>transs-</span> 
     </span>
     <span class='ocr_line' id='line_1_20' title="bbox 273 2231 1244 2316; baseline 0.001 -19"><span class='ocrx_word' id='word_1_136' title='bbox 273 2233 377 2311; x_wconf 91' lang='lat' dir='ltr'>reudo,</span> <span class='ocrx_word' id='word_1_137' title='bbox 401 2233 483 2316; x_wconf 89' lang='lat' dir='ltr'>quod</span> <span class='ocrx_word' id='word_1_138' title='bbox 506 2234 628 2316; x_wconf 86' lang='lat' dir='ltr'>saepius</span> <span class='ocrx_word' id='word_1_139' title='bbox 644 2231 674 2297; x_wconf 85' lang='lat' dir='ltr'>S.</span> <span class='ocrx_word' id='word_1_140' title='bbox 692 2233 785 2298; x_wconf 87' lang='lat' dir='ltr'>Urbis</span> <span class='ocrx_word' id='word_1_141' title='bbox 802 2231 1064 2316; x_wconf 79' lang='lat' dir='ltr'>Congregatioues</span> <span class='ocrx_word' id='word_1_142' title='bbox 1082 2233 1244 2316; x_wconf 79' lang='lat' dir='ltr'>rescripse-</span> 
     </span>
     <span class='ocr_line' id='line_1_21' title="bbox 273 2330 515 2416; baseline -0.025 -17"><span class='ocrx_word' id='word_1_143' title='bbox 273 2334 347 2401; x_wconf 86' lang='lat' dir='ltr'>runt</span> <span class='ocrx_word' id='word_1_144' title='bbox 370 2330 515 2416; x_wconf 76' lang='lat' dir='ltr'>(Soglia),</span> 
     </span>
    </p>

    <p class='ocr_par' dir='ltr' id='par_1_8' title="bbox 273 2428 1241 2711">
     <span class='ocr_line' id='line_1_22' title="bbox 320 2428 1241 2513; baseline 0 -20"><span class='ocrx_word' id='word_1_145' title='bbox 320 2430 416 2494; x_wconf 84' lang='lat'>1237.</span> <span class='ocrx_word' id='word_1_146' title='bbox 440 2466 485 2476; x_wconf 89' lang='grc'>-</span> <span class='ocrx_word' id='word_1_147' title='bbox 500 2428 598 2493; x_wconf 80' lang='lat' dir='ltr'>Nora.</span> <span class='ocrx_word' id='word_1_148' title='bbox 615 2429 640 2495; x_wconf 93' lang='grc' dir='ltr'>Ι.</span> <span class='ocrx_word' id='word_1_149' title='bbox 656 2429 812 2494; x_wconf 83' lang='lat' dir='ltr'>Perochus</span> <span class='ocrx_word' id='word_1_150' title='bbox 828 2431 932 2513; x_wconf 85' lang='lat' dir='ltr'>potest</span> <span class='ocrx_word' id='word_1_151' title='bbox 954 2429 1039 2494; x_wconf 85' lang='lat' dir='ltr'>adire</span> <span class='ocrx_word' id='word_1_152' title='bbox 1054 2429 1241 2512; x_wconf 82' lang='lat' dir='ltr'>Episcopum</span> 
     </span>
     <span class='ocr_line' id='line_1_23' title="bbox 273 2527 1239 2614; baseline -0.002 -22"><span class='ocrx_word' id='word_1_153' title='bbox 273 2527 580 2614; x_wconf 84' lang='lat' dir='ltr'>reclamandiccusa.</span> <span class='ocrx_word' id='word_1_154' title='bbox 597 2527 690 2591; x_wconf 86' lang='lat' dir='ltr'>Haud</span> <span class='ocrx_word' id='word_1_155' title='bbox 705 2527 981 2609; x_wconf 88' lang='lat' dir='ltr'>praetermittenda</span> <span class='ocrx_word' id='word_1_156' title='bbox 1000 2527 1133 2592; x_wconf 88' lang='lat' dir='ltr'>Paroehi</span> <span class='ocrx_word' id='word_1_157' title='bbox 1150 2529 1239 2592; x_wconf 85' lang='lat' dir='ltr'>intor-</span> 
     </span>
     <span class='ocr_line' id='line_1_24' title="bbox 273 2624 1108 2711; baseline -0.005 -20"><span class='ocrx_word' id='word_1_158' title='bbox 273 2625 406 2711; x_wconf 87' lang='lat' dir='ltr'>rogatio,</span> <span class='ocrx_word' id='word_1_159' title='bbox 422 2625 475 2688; x_wconf 87' lang='lat' dir='ltr'>sed</span> <span class='ocrx_word' id='word_1_160' title='bbox 490 2624 575 2688; x_wconf 90' lang='lat' dir='ltr'>illius</span> <span class='ocrx_word' id='word_1_161' title='bbox 590 2642 755 2689; x_wconf 84' lang='lat' dir='ltr'>consensus</span> <span class='ocrx_word' id='word_1_162' title='bbox 770 2643 831 2689; x_wconf 92' lang='lat' dir='ltr'>uon</span> <span class='ocrx_word' id='word_1_163' title='bbox 847 2627 895 2689; x_wconf 86' lang='lat' dir='ltr'>est</span> <span class='ocrx_word' id='word_1_164' title='bbox 910 2624 1108 2689; x_wconf 86' lang='lat' dir='ltr'>necessarius.</span> 
     </span>
    </p>

    <p class='ocr_par' dir='ltr' id='par_1_9' title="bbox 273 2721 1245 3198">
     <span class='ocr_line' id='line_1_25' title="bbox 321 2721 1243 2806; baseline 0 -20"><span class='ocrx_word' id='word_1_165' title='bbox 321 2723 415 2787; x_wconf 85' lang='lat'>1238.</span> <span class='ocrx_word' id='word_1_166' title='bbox 442 2759 481 2768; x_wconf 95' lang='lat'>—</span> <span class='ocrx_word' id='word_1_167' title='bbox 506 2721 548 2787; x_wconf 93' lang='grc' dir='ltr'>ΙΙ.</span> <span class='ocrx_word' id='word_1_168' title='bbox 580 2721 770 2786; x_wconf 86' lang='lat' dir='ltr'>Monasteria</span> <span class='ocrx_word' id='word_1_169' title='bbox 803 2721 988 2788; x_wconf 89' lang='lat' dir='ltr'>Monialium</span> <span class='ocrx_word' id='word_1_170' title='bbox 1020 2723 1097 2806; x_wconf 85' lang='lat' dir='ltr'>eu&#39;gi</span> <span class='ocrx_word' id='word_1_171' title='bbox 1129 2722 1243 2786; x_wconf 86' lang='lat' dir='ltr'>debant</span> 
     </span>
     <span class='ocr_line' id='line_1_26' title="bbox 273 2819 1241 2904; baseline -0.003 -17"><span class='ocrx_word' id='word_1_172' title='bbox 273 2823 356 2888; x_wconf 91' lang='lat' dir='ltr'>intra</span> <span class='ocrx_word' id='word_1_173' title='bbox 379 2821 486 2886; x_wconf 89' lang='lat' dir='ltr'>urbem</span> <span class='ocrx_word' id='word_1_174' title='bbox 510 2821 559 2884; x_wconf 86' lang='lat' dir='ltr'>vel</span> <span class='ocrx_word' id='word_1_175' title='bbox 582 2819 730 2903; x_wconf 90' lang='lat' dir='ltr'>oppidum</span> <span class='ocrx_word' id='word_1_176' title='bbox 754 2821 786 2884; x_wconf 91' lang='lat' dir='ltr'>in</span> <span class='ocrx_word' id='word_1_177' title='bbox 810 2839 870 2902; x_wconf 91' lang='lat' dir='ltr'>quo</span> <span class='ocrx_word' id='word_1_178' title='bbox 895 2823 942 2886; x_wconf 87' lang='lat' dir='ltr'>est</span> <span class='ocrx_word' id='word_1_179' title='bbox 964 2821 1151 2904; x_wconf 91' lang='lat' dir='ltr'>populorum</span> <span class='ocrx_word' id='word_1_180' title='bbox 1185 2822 1241 2885; x_wconf 82' lang='lat' dir='ltr'>ire·</span> 
     </span>
     <span class='ocr_line' id='line_1_27' title="bbox 274 2917 1245 3003; baseline -0.003 -19"><span class='ocrx_word' id='word_1_181' title='bbox 274 2920 410 3003; x_wconf 87' lang='lat' dir='ltr'>quentia,</span> <span class='ocrx_word' id='word_1_182' title='bbox 434 2937 471 2982; x_wconf 91' lang='lat' dir='ltr'>ne</span> <span class='ocrx_word' id='word_1_183' title='bbox 494 2919 586 2982; x_wconf 83' lang='lat' dir='ltr'>aliter</span> <span class='ocrx_word' id='word_1_184' title='bbox 608 2917 763 2980; x_wconf 61' lang='lat' dir='ltr'>motorum</span> <span class='ocrx_word' id='word_1_185' title='bbox 786 2917 944 2981; x_wconf 80' lang='lat' dir='ltr'>dominum</span> <span class='ocrx_word' id='word_1_186' title='bbox 961 2918 1101 2999; x_wconf 80' lang='lat' dir='ltr'>praedae</span> <span class='ocrx_word' id='word_1_187' title='bbox 1124 2923 1154 2981; x_wconf 86' lang='lat' dir='ltr'>et</span> <span class='ocrx_word' id='word_1_188' title='bbox 1168 2917 1245 2982; x_wconf 79' lang='lat' dir='ltr'>aliis</span> 
     </span>
     <span class='ocr_line' id='line_1_28' title="bbox 273 3015 1242 3099; baseline -0.004 -17"><span class='ocrx_word' id='word_1_189' title='bbox 273 3017 465 3099; x_wconf 80' lang='lat' dir='ltr'>facinoribus</span> <span class='ocrx_word' id='word_1_190' title='bbox 488 3015 639 3080; x_wconf 86' lang='lat' dir='ltr'>moniales</span> <span class='ocrx_word' id='word_1_191' title='bbox 654 3015 717 3080; x_wconf 88' lang='lat' dir='ltr'>siut</span> <span class='ocrx_word' id='word_1_192' title='bbox 729 3016 885 3098; x_wconf 82' lang='lat' dir='ltr'>expositae</span> <span class='ocrx_word' id='word_1_193' title='bbox 898 3015 973 3098; x_wconf 80' lang='lat' dir='ltr'>(Cir.</span> <span class='ocrx_word' id='word_1_194' title='bbox 990 3015 1086 3092; x_wconf 79' lang='lat' dir='ltr'>Trio,</span> <span class='ocrx_word' id='word_1_195' title='bbox 1099 3033 1174 3080; x_wconf 86' lang='lat' dir='ltr'>sess.</span> <span class='ocrx_word' id='word_1_196' title='bbox 1189 3016 1242 3091; x_wconf 85' lang='lat'>25,</span> 
     </span>
     <span class='ocr_line' id='line_1_29' title="bbox 274 3114 551 3198; baseline -0.018 -16"><span class='ocrx_word' id='word_1_197' title='bbox 274 3136 299 3182; x_wconf 91' lang='lat' dir='ltr'>o.</span> <span class='ocrx_word' id='word_1_198' title='bbox 324 3117 355 3191; x_wconf 89' lang='lat'>5,</span> <span class='ocrx_word' id='word_1_199' title='bbox 372 3115 409 3179; x_wconf 91' lang='lat' dir='ltr'>de</span> <span class='ocrx_word' id='word_1_200' title='bbox 425 3114 551 3198; x_wconf 84' lang='lat' dir='ltr'>Regni).</span> 
     </span>
    </p>

    <p class='ocr_par' dir='ltr' id='par_1_10' title="bbox 233 3209 1243 3691">
     <span class='ocr_line' id='line_1_30' title="bbox 320 3209 1243 3294; baseline -0.003 -17"><span class='ocrx_word' id='word_1_201' title='bbox 320 3211 565 3278; x_wconf 76' lang='lat' dir='ltr'>lace-111.</span> <span class='ocrx_word' id='word_1_202' title='bbox 593 3236 611 3269; x_wconf 89' lang='lat'><strong>‹</strong></span> <span class='ocrx_word' id='word_1_203' title='bbox 627 3209 691 3276; x_wconf 86' lang='lat' dir='ltr'>Sub</span> <span class='ocrx_word' id='word_1_204' title='bbox 721 3209 851 3276; x_wconf 86' lang='lat' dir='ltr'>decretis</span> <span class='ocrx_word' id='word_1_205' title='bbox 889 3229 980 3294; x_wconf 89' lang='lat' dir='ltr'>super</span> <span class='ocrx_word' id='word_1_206' title='bbox 1009 3211 1159 3276; x_wconf 87' lang='lat' dir='ltr'>erectione</span> <span class='ocrx_word' id='word_1_207' title='bbox 1190 3228 1243 3275; x_wconf 92' lang='lat' dir='ltr'>no·</span> 
     </span>
     <span class='ocr_line' id='line_1_31' title="bbox 274 3307 1242 3392; baseline -0.005 -15"><span class='ocrx_word' id='word_1_208' title='bbox 274 3330 384 3378; x_wconf 84' lang='lat' dir='ltr'>vorum</span> <span class='ocrx_word' id='word_1_209' title='bbox 408 3308 620 3375; x_wconf 85' lang='lat' dir='ltr'>Conventuum</span> <span class='ocrx_word' id='word_1_210' title='bbox 644 3325 704 3373; x_wconf 94' lang='lat' dir='ltr'>non</span> <span class='ocrx_word' id='word_1_211' title='bbox 735 3309 1035 3391; x_wconf 89' lang='lat' dir='ltr'>comprehenduntur</span> <span class='ocrx_word' id='word_1_212' title='bbox 1064 3307 1242 3392; x_wconf 77' lang='lat' dir='ltr'>Congrege-</span> 
     </span>
     <span class='ocr_line' id='line_1_32' title="bbox 233 3407 1241 3494; baseline -0.002 -22"><span class='ocrx_word' id='word_1_213' title='bbox 233 3462 236 3472; x_wconf 79' lang='grc'>,</span> <span class='ocrx_word' id='word_1_214' title='bbox 273 3413 373 3478; x_wconf 87' lang='lat' dir='ltr'>tiones</span> <span class='ocrx_word' id='word_1_215' title='bbox 396 3411 649 3494; x_wconf 86' lang='lat' dir='ltr'>Presbyterorum</span> <span class='ocrx_word' id='word_1_216' title='bbox 673 3407 882 3474; x_wconf 78' lang='lat' dir='ltr'>saecularium</span> <span class='ocrx_word' id='word_1_217' title='bbox 908 3409 941 3472; x_wconf 93' lang='lat' dir='ltr'>in</span> <span class='ocrx_word' id='word_1_218' title='bbox 963 3408 1121 3473; x_wconf 90' lang='lat' dir='ltr'>communi</span> <span class='ocrx_word' id='word_1_219' title='bbox 1141 3407 1241 3472; x_wconf 82' lang='lat' dir='ltr'>viren-</span> 
     </span>
     <span class='ocr_line' id='line_1_33' title="bbox 273 3503 1243 3589; baseline -0.007 -15"><span class='ocrx_word' id='word_1_220' title='bbox 273 3511 353 3574; x_wconf 87' lang='lat' dir='ltr'>tium</span> <span class='ocrx_word' id='word_1_221' title='bbox 376 3509 495 3574; x_wconf 81' lang='lat' dir='ltr'>erectae</span> <span class='ocrx_word' id='word_1_222' title='bbox 518 3507 706 3572; x_wconf 87' lang='lat' dir='ltr'>auctoritate</span> <span class='ocrx_word' id='word_1_223' title='bbox 729 3505 893 3571; x_wconf 85' lang='lat' dir='ltr'>Ordiuaric</span> <span class='ocrx_word' id='word_1_224' title='bbox 912 3531 929 3563; x_wconf 66' lang='lat' dir='ltr'>e</span> <span class='ocrx_word' id='word_1_225' title='bbox 951 3503 994 3588; x_wconf 82' lang='lat' dir='ltr'>(S.</span> <span class='ocrx_word' id='word_1_226' title='bbox 1008 3505 1120 3589; x_wconf 85' lang='lat' dir='ltr'>Congr.</span> <span class='ocrx_word' id='word_1_227' title='bbox 1137 3505 1193 3587; x_wconf 91' lang='lat' dir='ltr'>Ep.</span> <span class='ocrx_word' id='word_1_228' title='bbox 1209 3505 1243 3568; x_wconf 89' lang='lat' dir='ltr'>et</span> 
     </span>
     <span class='ocr_line' id='line_1_34' title="bbox 272 3601 1238 3691; baseline -0.009 -20"><span class='ocrx_word' id='word_1_229' title='bbox 272 3607 360 3691; x_wconf 76' lang='lat' dir='ltr'>Reg,</span> <span class='ocrx_word' id='word_1_230' title='bbox 378 3627 426 3690; x_wconf 88' lang='lat' dir='ltr'>cp.</span> <span class='ocrx_word' id='word_1_231' title='bbox 443 3605 635 3688; x_wconf 83' lang='lat' dir='ltr'>Nicoiium.).</span> <span class='ocrx_word' id='word_1_232' title='bbox 648 3641 690 3652; x_wconf 89' lang='lat'><em>-</em></span> <span class='ocrx_word' id='word_1_233' title='bbox 708 3605 771 3671; x_wconf 81' lang='lat' dir='ltr'>cfr.</span> <span class='ocrx_word' id='word_1_234' title='bbox 787 3603 936 3680; x_wconf 83' lang='lat' dir='ltr'>Ferraria,</span> <span class='ocrx_word' id='word_1_235' title='bbox 954 3603 1036 3668; x_wconf 90' lang='lat' dir='ltr'>verb.</span> <span class='ocrx_word' id='word_1_236' title='bbox 1054 3601 1238 3667; x_wconf 77' lang='lat' dir='ltr'>Conventus.</span> 
     </span>
    </p>

    <p class='ocr_par' dir='ltr' id='par_1_11' title="bbox 271 3699 1239 3784">
     <span class='ocr_line' id='line_1_35' title="bbox 271 3699 1239 3784; baseline 0 -16"><span class='ocrx_word' id='word_1_237' title='bbox 271 3703 380 3783; x_wconf 80' lang='lat' dir='ltr'>Quoad</span> <span class='ocrx_word' id='word_1_238' title='bbox 415 3704 565 3766; x_wconf 88' lang='lat' dir='ltr'>Instituta</span> <span class='ocrx_word' id='word_1_239' title='bbox 595 3704 739 3766; x_wconf 90' lang='lat' dir='ltr'>votorum</span> <span class='ocrx_word' id='word_1_240' title='bbox 773 3702 961 3783; x_wconf 81' lang='lat' dir='ltr'>simplicium</span> <span class='ocrx_word' id='word_1_241' title='bbox 996 3701 1117 3784; x_wconf 90' lang='lat' dir='ltr'>proprie</span> <span class='ocrx_word' id='word_1_242' title='bbox 1151 3699 1239 3768; x_wconf 66' lang='lat' dir='ltr'>talia,</span> 
     </span>
    </p>
   </div>
   <div class='ocr_carea' id='block_1_7' title="bbox 0 0 1410 4268">
    <p class='ocr_par' dir='ltr' id='par_1_12' title="bbox 0 0 1410 4268">
     <span class='ocr_line' id='line_1_36' title="bbox 0 0 1410 4268; baseline 0 1"><span class='ocrx_word' id='word_1_243' title='bbox 0 0 1410 4268; x_wconf 95' lang='lat' dir='ltr'> </span> 
     </span>
    </p>
   </div>
  </div>
 </body>
</html>
