2758 4270
301 221 355 274 278
581 223 755 272 anscausus
779 225 818 270 DE
842 224 988 272 PERSONIS

303 423 434 486 caveant
457 421 704 504 diligentissime,
719 441 756 486 ne
772 441 807 484 ea
824 421 949 497 notitia,
964 441 1058 503 quam
1083 422 1120 485 de
1135 423 1251 486 eliorum

303 519 436 602 peccatis
452 520 482 582 in
500 519 688 584 confessione
705 520 890 596 habuerunt,
904 519 943 584 ad
960 521 1140 584 exteriorem
1155 521 1243 604 guber

304 617 462 680 nationem
486 618 649 680 utantur...
666 615 770 696 Atque
794 617 839 680 ita
860 635 914 698 per
938 636 1144 698 quoscumque
1164 618 1254 700 Regu·

303 715 417 778 larium
441 715 629 796 Superiores,
647 715 832 794 quicumque
856 715 902 778 illi
922 715 994 789 sint,
1013 715 1164 780 observari
1180 733 1255 778 man·

304 813 439 878 davit».
847 866 848 869 ,

349 910 424 972 825.
452 947 491 954 -
516 909 699 974 Novitiatus
722 910 788 974 fieri
812 911 916 992 potest
943 911 974 974 in
999 911 1120 976 duobus
1142 930 1256 974 000100-

304 1009 399 1072 tibus.
423 1007 545 1070 Etenim
572 1005 602 1070 S.
620 1009 654 1072 O.
670 1008 714 1082 d,
732 1007 780 1070 die
805 1007 845 1070 27
871 1008 943 1072 Iulii
962 1009 1058 1084 1663,
1076 1009 1115 1072 01
1127 1009 1254 1072 dubium.

308 1131 326 1164 ‹<
344 1105 392 1168 An
415 1105 588 1169 novitiatus
615 1105 722 1186 possit,
747 1123 818 1167 cum
844 1106 1018 1186 Superioris
1040 1106 1202 1190 Regularis
1225 1105 1255 1167 li·

304 1205 414 1276 centia,
439 1206 471 1266 et
495 1204 577 1269 iusta
600 1222 704 1277 causa,
730 1202 796 1266 lieri
819 1204 934 1284 partim
967 1205 999 1266 10
1022 1223 1083 1268 000
1114 1204 1255 1268 conventu

305 1301 344 1364 ad
378 1301 576 1365 Novitiatum
608 1301 778 1384 designato,
803 1303 834 1364 et
866 1303 980 1384 partim
1011 1303 1042 1364 in
1066 1303 1126 1366 alio
1157 1301 1255 1365 itidem

305 1399 448 1482 designat
476 1401 524 1462 1»
545 1435 588 1444 -
611 1400 721 1482 Resp.:
751 1424 767 1457 r
784 1397 981 1463 Affirmative
998 1424 1028 1460 >›.

439 1622 515 1685 Aer.
541 1621 598 1684 111.
623 1619 673 1686 lle
697 1619 920 1688 Professlone
945 1621 1132 1703 Religiosa.

351 1801 426 1863 826.
453 1837 491 1844 -
520 1801 681 1865 Ρο0100010
714 1801 873 1881 1101101000
904 1800 952 1864 001
976 1799 1143 1878 promissio
1174 1797 1257 1860 libere

307 1897 391 1977 facta
415 1901 444 1961 01
467 1897 600 1978 lepitirne
623 1901 873 1977 0000010100οα
897 1899 967 1977 quis
990 1899 1025 1959 in
1041 1897 1145 1960 debita
1167 1899 1255 1959 001010

306 1997 501 2070 0000110100,
520 2000 651 2076 ternpore
674 1995 869 2072 probationis
892 1993 1020 2074 expleto,
1038 2014 1104 2057 sese
1120 1997 1256 2074 perpetuo

306 2093 479 2172 adstrinpit
501 2096 600 2155 certae
616 2092 780 2172 Relipioni
802 2092 842 2154 ad
862 2091 1006 2155 Ecclesia
1024 2091 1176 2170 probatae
1197 2109 1254 2153 000

306 2190 437 2256 solemni
466 2194 605 2253 uotorurn
635 2191 797 2252 cauissione
821 2190 980 2274 (Scantini).
1013 2227 1049 2234 -
1080 2189 1112 2254 S.
1137 2189 1255 2261 Posuit,

307 2309 377 2354 ann.
404 2288 500 2362 1820,
524 2288 673 2370 Episcopo
705 2288 915 2352 Lemovicensi
941 2288 1082 2369 scripsit:
1110 2312 1128 2346 «
1151 2287 1253 2350 Votum

307 2389 440 2453 solemne
456 2387 534 2450 illud
551 2405 625 2462 esse,
644 2386 726 2468 qnod
739 2387 778 2450 ab
794 2387 931 2450 Ecclesia
946 2388 983 2450 ut
999 2387 1062 2451 1010
1079 2387 1254 2468 acceptatur,

307 2487 338 2549 et
354 2486 515 2548 voventem
539 2485 707 2548 inhabilem
724 2483 826 2546 reddit
850 2485 880 2547 in
904 2485 1087 2565 perpetuum
1105 2486 1136 2547 et
1159 2484 1255 2546 immn-

306 2582 446 2647 tabiliter
469 2583 623 2664 (spectata
646 2582 715 2665 lege
739 2582 895 2645 ordinaria
918 2584 950 2644 01
973 2582 1092 2645 0001000
1116 2581 1254 2663 dispensa·

306 2681 390 2746 tione
413 2680 584 2764 pontificia)
601 2679 641 2744 ad
656 2679 891 2742 matrimonium
907 2679 1161 2754 contrahendum,
1177 2679 1205 2741 et
1221 2673 1254 2738 ad

307 2779 445 2843 dominia
474 2797 576 2841 rerum
608 2776 793 2858 acquirenda
818 2777 866 2840 vel
889 2777 1059 2850 retinenda,
1081 2781 1178 2856 00001
1197 2791 1254 2836 carr

307 2877 436 2940 caeteris
460 2874 517 2940 SS.
547 2873 710 2938 Cauonurn
735 2873 956 2937 tractatoribus
984 2874 1122 2954 loquitur
1148 2873 1184 2936 P.
1207 2867 1253 2932 Pe

306 2973 411 3055 rinpla,
435 2975 470 3036 in
494 2973 529 3036 3⁰
546 2973 683 3048 Deerat,
708 2972 759 3034 111.
785 2971 837 3047 51,
864 2972 881 3054 ξ
909 2973 958 3034 1⁰:
988 2969 1067 3034 Cura
1090 2991 1161 3052 erpo
1178 2965 1254 3030 noda
1291 2959 1295 2964 ¹

311 3071 494 3136 Galliarum
516 3069 678 3144 rnoniales,
702 3073 738 3132 01
759 3089 825 3132 0000
848 3069 990 3132 ciuilibus
1013 3069 1133 3151 lepidus
1154 3083 1253 3130 00000-

306 3169 502 3245 rundenario
520 3168 719 3248 paupertatis
742 3171 845 3230 catuna
869 3169 1021 3244 emittant,
1038 3188 1059 3230 0
1095 3167 1254 3231 ruinirnesc

307 3266 452 3330 abdicent
473 3267 609 3330 dominio
633 3285 739 3328 reruni
762 3285 902 3339 suarum,
919 3266 975 3328 sed
997 3285 1050 3328 eas
1073 3259 1255 3344 0100001111

306 3365 474 3440 retineant,
499 3385 536 3427 00
558 3365 595 3426 de
617 3363 739 3438 iisdem,
761 3383 829 3426 curn
853 3383 928 3442 opus
951 3362 1058 3441 suerit,
1075 3364 1163 3425 irrata
1184 3357 1254 3436 10911

307 3459 414 3524 ciuiles
444 3461 606 3541 disponere
639 3459 814 3535 intendant,
846 3461 913 3523 ialeo
946 3459 1000 3522 100
1031 3479 1137 3522 carana
1164 3457 1253 3519 00100

306 3559 371 3622 sice
394 3558 636 3640 quinquennale,
660 3557 724 3620 siae
747 3562 931 3637 perpetuum
954 3559 1005 3633 sit,
1029 3556 1161 3620 0010000
1184 3549 1252 3614 aule

307 3673 370 3718 non
394 3661 448 3730 001,
473 3676 571 3736 neque
592 3661 628 3718 ut
651 3653 712 3717 tale
739 3655 778 3718 ab
802 3655 944 3718 Ecclesia
967 3657 1152 3734 acceptatur.
1179 3639 1253 3728 uon
