2856 4276
533 239 759 287 Paonnoounun

158 439 284 502 obtento
308 439 373 502 iure
396 440 594 522 proprietatis
611 441 642 502 et
665 438 955 512 administrationis,
972 441 1004 500 et
1023 438 1124 520 quoad

157 537 327 617 proventus
342 536 564 600 ecclesiasticos
580 555 614 599 ex
634 537 717 599 certa
734 555 826 600 carisa
843 535 1012 616 acquisitos
1028 535 1123 599 etiarn

156 651 212 715 per
234 634 516 715 praescriptionem,
541 635 572 698 et
596 633 717 714 quando
747 633 832 715 Papa
856 633 1014 713 dispensat
1041 633 1123 697 eirca

155 731 307 813 requisita
330 731 370 796 ad
394 733 573 796 eanonicam
596 732 837 795 institutionem.

203 829 371 892 52.-11.
397 830 566 894 Possessor
582 830 684 892 malae
699 830 774 910 fidei
791 827 855 891 allo
888 835 1027 908 terrrpcre
1062 853 1124 894 rica

149 927 353 1006 praescribit.
378 966 422 973 -
440 928 525 992 Unde
548 931 720 993 correctum
747 930 794 991 est
809 929 858 992 ius
876 928 971 992 civile
988 929 1069 1010 quod
1085 930 1125 993 ab

155 1026 245 1090 initio
270 1027 392 1090 tantum
409 1028 585 1108 requirebat
601 1027 713 1091 bonam
730 1026 831 1090 fidem.
863 1063 906 1071 —
924 1027 998 1090 Cir..
1016 1025 1121 1092 Tbeot.

155 1123 289 1198 Morat,
314 1125 366 1188 ubi
390 1125 426 1187 de
447 1127 651 1189 restitutione.

201 1223 255 1284 53.
269 1261 314 1268 -—
325 1222 382 1285 Ill.
397 1221 471 1286 Sirra
478 1223 671 1301 possessione
680 1223 887 1301 praescriptio
901 1243 962 1284 recu
970 1223 1120 1301 procedit.

154 1355 200 1364 -
215 1323 243 1380 1.
269 1320 421 1384 Possessio
445 1319 535 1383 debet
558 1339 622 1384 esse
635 1320 728 1384 simul
741 1319 909 1388 articulis,
924 1339 977 1382 seu
991 1319 1076 1396 sacti,
1090 1323 1122 1384 et

154 1416 266 1492 cicitis,
283 1437 337 1480 seu
361 1418 446 1494 iuris,
464 1419 491 1481 si
513 1419 627 1499 agatur
650 1417 686 1480 de
709 1417 932 1498 corporalibus.
949 1453 993 1462 -—
1011 1420 1040 1480 2.
1059 1417 1119 1482 Pro

154 1514 405 1596 incorporalibus,
420 1535 473 1578 seu
489 1515 617 1590 iuribus,
632 1535 762 1596 quorum
780 1517 826 1578 est
839 1534 934 1596 capax
952 1534 1118 1596 possessor,

153 1612 324 1692 requiritur
348 1612 610 1694 quasi-possessio.
634 1613 714 1675 Hinc
738 1613 834 1676 laicus
858 1615 967 1693 utpote
991 1613 1120 1694 incapax

152 1709 327 1790 possidendi
351 1709 535 1790 spiritualia,
553 1709 756 1792 praescribere
780 1711 886 1790 nequit
910 1711 958 1773 ius
974 1710 1118 1792 eligendi,

153 1807 348 1882 instituendi,
372 1807 573 1871 confirmandi
596 1807 739 1879 clericam
764 1808 838 1870 bene
856 1825 926 1871 vero
951 1807 999 1870 ius
1016 1809 1120 1889 patro

152 1906 249 1966 natus
265 1923 319 1967 seu
334 1906 558 1985 praesentandi,
576 1903 615 1968 ad
632 1904 714 1986 quod
730 1905 800 1968 laici
817 1905 1001 1988 generaliter
1017 1923 1035 1968 a
1052 1905 1118 1968 iure

153 2001 315 2066 habilitati
340 2004 422 2066 sunt.

200 2101 253 2162 54.
338 2101 392 2163 IV.
408 2100 575 2165 Peccatum
588 2123 648 2165 reoa
659 2102 837 2179 eliciebatur,
852 2103 916 2165 uisi
933 2103 1118 2166 restituatur

151 2197 366 2261 ablatura-
389 2199 542 2282 Intellige,
567 2201 700 2275 realiter,
719 2219 773 2264 seu
796 2201 827 2264 in
851 2201 970 2276 ellectu,
990 2200 1117 2264 siadest

151 2296 308 2371 facultas3
334 2297 382 2360 vel
413 2298 444 2361 in
475 2299 644 2380 proposito,
670 2318 723 2361 seu
754 2300 877 2362 atl'eetu.
905 2300 930 2361 si
947 2299 1037 2361 aliter
1053 2297 1118 2362 fieri

153 2396 298 2475 nequeat.

199 2492 252 2553 55.
277 2529 321 2539 -
345 2491 382 2555 V.
408 2492 535 2556 Peccati
545 2496 635 2558 ceeia
652 2515 714 2557 aaa
726 2495 821 2556 datur
837 2496 901 2558 uisi
913 2501 1057 2558 correcto.
1071 2531 1115 2540 -—

151 2589 297 2674 Intellige
312 2591 341 2654 1.
359 2589 546 2672 Culpaesive
556 2593 672 2674 peccati
691 2593 778 2656 venia
794 2611 854 2656 non
864 2593 1040 2656 (onceditur
1056 2593 1117 2655 nisi

151 2688 323 2770 poenitenti
345 2689 409 2752 sive
432 2690 574 2754 contrito.
599 2727 643 2736 -—
667 2692 697 2753 2.
722 2691 757 2752 ln
781 2691 1003 2771 temporalibus
1028 2709 1117 2773 saepe

151 2803 250 2868 poena
275 2785 500 2863 dissimulatur,
525 2788 565 2851 ad
589 2789 691 2868 peiora
717 2787 853 2850 vitanda.

198 2884 251 2945 56.
265 2919 309 2928 -
326 2883 379 2945 Vl.
389 2883 993 2964 Neraopotestactirapossibileoblipari.
1003 2921 1047 2930 -
1058 2885 1117 2950 Per

150 2979 342 3058 impossibiie
364 2980 415 3044 hic
444 2982 539 3044 etiam
571 2981 759 3065 intelligitur
788 2982 977 3062 impossibile
1004 2984 1053 3046 vel
1080 2984 1116 3048 de

150 3077 227 3152 iure,
249 3095 304 3141 seu
328 3097 405 3158 quae
429 3077 495 3140 lieri
519 3081 674 3159 nequeunt
698 3079 812 3159 absque
836 3080 971 3159 peccato,
996 3081 1032 3142 ut
1055 3081 1117 3145 for-

149 3175 275 3248 nicatio,
304 3199 321 3232 «
344 3193 417 3238 nam
449 3194 527 3255 quae
554 3178 660 3239 contra
691 3176 787 3240 bonos
814 3193 914 3238 mores
946 3176 1035 3251 fiunt,
1063 3197 1117 3240 uec

149 3272 248 3336 facere
273 3291 328 3335 nos
355 3289 444 3354 posse
471 3273 653 3336 credendum
682 3275 770 3336 est»
802 3273 837 3354 (l.
868 3273 908 3334 15
940 3273 976 3335 cte
1003 3275 1116 3338 coedit.

149 3368 319 3452 iactitat.);
344 3369 393 3432 vel
416 3389 451 3457 ex
475 3371 597 3446 natura,
621 3372 658 3433 ut
681 3371 838 3434 hominem
863 3369 984 3446 volare;
1008 3371 1057 3434 vel
1081 3372 1117 3435 de

149 3467 244 3542 facto,
269 3468 306 3530 ut
328 3485 346 3530 a
370 3466 510 3531 mendico
534 3467 601 3531 dari
625 3468 710 3531 mille
734 3487 852 3532 aureos.

197 3563 250 3626 57.
266 3599 305 3611 -
318 3563 387 3627 Vll.
400 3563 953 3645 Pririlepiarapersorralepersonare
966 3568 1116 3648 sequitur,
1151 3565 1154 3572 '

150 3667 182 3726 ct
192 3663 389 3744 eatiaqaitar
404 3683 626 3742 eracapersonu.
643 3701 688 3710 --
700 3665 833 3742 Etenim,
847 3685 881 3729 er
905 3685 969 3748 reg.
989 3667 1052 3727 lac
1068 3665 1115 3728 ff.:
