2750 4270
320 225 384 272 CAP.
408 229 451 274 111.
476 229 515 274 DE
540 231 749 280 EPISCOPOEUII
774 235 926 284 susumus
1057 235 1106 288 177

398 457 475 521 Aac.
501 459 556 521 IV.
581 458 631 524 ue
655 459 846 544 Eplsccpls.

176 655 258 717 508.
285 689 326 700 -··
353 657 616 723 Praenulandum.
641 695 683 704 —
709 659 732 721 I.
760 661 831 722 Iura
856 661 887 724 et
912 659 1013 724 officia
1036 661 1106 744 Epi·

124 769 300 833 scoporum
325 755 479 834 pertinent
502 755 597 819 etiam
620 756 660 820 ad
676 757 884 830 Patriarchas
901 758 1057 823 Primates
1074 762 1105 824 et

123 849 398 932 Archiepisccpos,
424 853 476 932 qui
492 853 677 935 peculiarem
694 853 810 918 habent
822 855 990 918 Ecclesiam
1008 876 1104 984 quam

123 949 259 1031 regunt.

175 1047 326 1108 509.-
350 1047 389 1110 ll.
415 1047 593 1112 Panaenus
617 1049 833 1114 EPISGOPORUM
857 1067 975 1114 orrrcrr
999 1052 1102 1132 positu

124 1145 208 1208 sunt
240 1145 275 1206 in
306 1145 448 1222 docendo,
480 1149 515 1210 ia
545 1149 685 1211 curando
717 1149 802 1211 calta
825 1149 940 1224 divino,
966 1155 995 1211 ot
1018 1155 1102 1212 rectu

123 1242 409 1336 Sacroocootoram
432 1245 714 1321 administratione,
739 1248 809 1320 etc.;
835 1264 910 1310 runs
934 1265 1015 1310 vano
1033 1265 1101 1310 suu

123 1357 212 1405 suun
238 1341 273 1404 in
295 1341 438 1417 cenitando,
455 1341 631 1418 iudicando,
646 1343 815 1422 punienda,
834 1343 1053 1423 desponsando,
1073 1348 1103 1407 ct

122 1439 399 1502 administrando.

174 1537 254 1600 510.
279 1573 323 1582 -
354 1537 411 1599 ΙΙΙ.
444 1538 585 1601 Errsccru
614 1554 783 1602 urrunnuns
813 1537 928 1601 habent
959 1538 1099 1602 eamdem

122 1633 319 1716 potestatem
349 1654 443 1716 quam
480 1636 594 1698 caeteri
617 1635 769 1716 Episcopi,
794 1636 936 1716 quamvis
961 1654 1021 1699 non
1043 1636 1099 1700 ha-

122 1734 226 1798 beant
249 1733 400 1797 eiusmodi
425 1735 575 1815 potestati
593 1753 682 1797 usum
700 1736 731 1796 et
747 1733 1001 1808 iurisdictionem,
1027 1753 1098 1798 curn

123 1832 257 1894 careant
279 1831 404 1912 propria
437 1831 579 1895 dloecesi.
615 1831 763 1894 Obtinent
798 1831 929 1894 titulum
966 1831 1099 1896 alicuius

123 1927 320 1994 cathedralis
345 1930 408 1992 sine
432 1930 497 1992 iure
513 1929 762 1992 administrandi.
787 1928 985 1992 Vocabantur
1002 1931 1099 1993 etiam

123 2027 283 2107 Episcopi
296 2029 331 2090 ire
342 2027 490 2107 portibus
502 2027 677 2106 infidelium
690 2027 743 2090 sed
755 2031 933 2106 nuperrime
946 2027 1007 2092 Leo
1020 2029 1097 2091 XIII

124 2125 267 2190 decrevit
289 2126 454 2190 Enrscoecs
477 2143 510 2188 nr
533 2143 682 2189 enarrans
705 2125 856 2188 vocandos
884 2146 949 2188 osso
972 2144 1097 2190 urrunn-

124 2241 208 2287 ans:
234 2223 315 2287 unde
338 2224 453 2288 titulus
475 2225 510 2286 in
527 2224 676 2302 portibus
700 2243 760 2287 non
784 2223 919 2304 amplius
943 2225 1059 2287 existit.
1084 2221 1093 2255 ¹

125 2505 264 2654 ³¹⁰¹th
266 2509 370 2562 andum
390 2509 464 2562 circa
492 2509 645 2577 Episcopos
674 2512 711 2564 tit
699 2511 819 2565 trularcs
840 2511 868 2612 Ι.
882 2511 940 2655 Ob
943 2511 1096 2614 defectum

124 2707 184 2744 non
125 2617 312 2744 aevacant
330 2689 479 2750 beneficia,
492 2707 564 2758 quae
578 2695 705 2757 tempore
719 2692 903 2758 promotionis
918 2693 954 2745 ad
968 2693 1095 2747 ordinem

124 2779 319 2848 episcopalem
340 2779 455 2843 habent,
476 2797 567 2847 neque
586 2780 737 2847 incapaces
750 2781 786 2834 ad
800 2782 857 2834 alia
872 2782 1027 2834 obtinenda
1040 2781 1094 2849 ipsi

125 2869 262 2922 evadunt.
284 2867 394 2921 Pariter
413 2886 446 2923 ex
467 2869 566 2924 eodem
595 2869 733 2937 principio
762 2870 891 2937 sequitur
919 2888 975 2922 non
1003 2870 1094 2925 teneri

124 2975 210 3012 onere
231 2957 433 3024 applicationis
454 2958 556 3011 Missae
577 2977 626 3025 pro
647 2959 760 3026 populo,
780 2959 847 3012 licet
873 2962 1094 3013 cousentaneum

126 3047 163 3102 sit
183 3065 231 3102 eos
253 3048 339 3101 etiam
359 3047 501 3102 interdum
522 3049 690 3102 sacrificium
704 3049 814 3107 offerre,
827 3053 858 3102 ut
872 3049 1007 3116 respiciat
1020 3049 1094 3102 Deus

125 3138 260 3192 miseram
280 3137 423 3190 Ecclesiae
443 3137 520 3192 illius
534 3139 732 3202 conditionem,
748 3139 827 3191 cuius
843 3138 926 3192 titulo
940 3141 968 3192 et
981 3138 1095 3192 nomine

125 3225 178 3292 ipsi
200 3225 397 3278 honestantur.
413 3225 467 3278 Leo
483 3225 549 3278 XIII
564 3225 658 3279 Consi.
679 3226 717 3279 Ia
730 3243 867 3294 supremo,
881 3225 919 3278 IV
940 3226 978 3278 Id.
999 3225 1094 3280 Iunias

127 3313 203 3368 1882.
224 3313 325 3380 Neque
345 3316 480 3368 tenentur
498 3332 583 3368 onere
604 3315 776 3368 visitationis
796 3332 937 3369 sacrorum
955 3315 1093 3379 liminum,

125 3421 217 3473 neque
238 3403 385 3472 petitionis
406 3407 435 3458 et
454 3423 520 3458 usus
541 3405 631 3474 pallii,
652 3405 675 3458 si
695 3405 966 3473 archiepiscopalem
979 3406 1094 3460 titulum

125 3493 258 3548 habeant.
280 3490 410 3558 (ernnnn
423 3494 497 3562 App,
516 3494 578 3548 Iar
599 3494 698 3556 Ecct).
713 3495 795 3548 -.II
812 3494 909 3559 Quoad
924 3495 1093 3562 Episcopum

126 3581 284 3638 Titularem
304 3581 477 3636 canonicum
497 3579 619 3637 sufficiat
607 3587 688 3638 ttnc
691 3601 768 3638 asse.
791 3584 844 3646 Ι)
837 3603 930 3652 ipsum
961 3584 1093 3640 assistere

28 3743 30 3748 ι
127 3672 228 3728 debere
249 3672 333 3724 choro
354 3673 382 3726 in
403 3673 503 3726 habitu
523 3673 682 3734 ordinari0;
702 3672 756 3738 2)
748 3691 777 3725 m
791 3674 916 3740 capitulo
929 3674 1032 3728 habere
1045 3674 1093 3732 ius

178 3813 204 3854 12
220 3835 245 3844 —
261 3812 327 3852 Iuris
344 3813 402 3855 Οαη.
