2812 4268
366 245 431 294 GAP.
456 247 476 294 1.
501 246 543 293 DE·
564 246 735 294 Porusurrn
759 245 917 294 IUDICANDI
1077 244 1125 298 421

160 461 277 528 ΙΙΙΙΙ111
300 460 428 526 inducat
442 461 591 527 moralem
608 461 834 536 certitudinem,
860 463 980 526 remoto
1003 461 1035 526 in
1058 479 1130 526 con-

127 561 130 566 ’
162 559 296 625 ’orarium
322 558 429 640 quovis
444 559 623 624 rationabili
646 558 751 624 dubio.

213 657 309 720 1327.
333 693 377 703 -—
399 656 500 720 XVII.
513 657 674 732 Personae,
699 655 1126 738 queaeramiuareerpediat,
1192 671 1194 674 ·

162 773 286 836 semper
313 754 445 818 audiunt
431 756 483 818 tur
514 757 638 836 separat
639 755 691 818 im.

213 851 377 915 1323-
410 849 501 914 XVII
487 851 528 914 ΙΙ.
562 852 668 916 Testes
695 851 982 933 adprobationem,
1009 851 1130 914 autad

164 948 382 1024 defensionem,
400 949 521 1030 11ΙοΙὶΙΙ
544 949 744 1031 legaliat
674 949 744 1012 obst
745 949 835 1012 acula
859 948 943 1013 haud
966 948 1130 1024 obsistant,

162 1047 224 1112 sub
243 1031 422 1111 ruramento
446 1045 548 1110 audiri
571 1047 682 1110 debent
685 1095 692 1123 ,
716 1047 798 1128 quod
823 1046 945 1111 extendi
968 1047 1079 1128 potest,
1104 1045 1131 1109 si

163 1163 243 1226 opus
259 1137 310 1220 sit,
328 1143 367 1207 ad
384 1143 603 1226 obligationem
618 1143 736 1206 secreti.
1189 1153 1190 1156 ’
1211 1225 1215 1233 ¹

215 1243 309 1306 1329.
337 1279 377 1288 -
402 1241 486 1305 XIX.
511 1242 650 1305 Tertium
675 1241 860 1313 absentium,
884 1240 995 1304 autin
1031 1240 1131 1304 aliene

166 1341 305 1404 Dioccesi
318 1340 518 1414 morantium,
532 1339 706 1420 exposcitur
714 1357 840 1402 eramen
856 1339 888 1401 in
904 1337 1077 1402 subsidium
1093 1337 1132 1402 ab

166 1437 383 1501 Ecclesiastico
406 1437 467 1500 locr
479 1437 650 1500 auctorit
616 1455 677 1507 ΙΙ,
695 1425 793 1500 cidem
810 1435 1050 1500 transmittendo
1063 1451 1131 1516 pro

163 1537 307 1618 spectum
319 1535 409 1608 sectr
423 1535 454 1598 ct
466 1535 638 1598 auctoritas
647 1535 796 1614 requisita
806 1534 893 1616 pet
858 1551 949 1598 ronr
940 1531 1130 1614 responde

164 1632 318 1698 servando
342 1632 512 1714 praesentis
529 1631 742 1695 instructionis
757 1650 893 1696 normas

215 1730 311 1792 1330.
335 1729 463 1792 —XX.
481 1727 607 1807 Quoties
619 1729 793 1792 iudicentur
806 1730 901 1793 testes
917 1729 954 1792 ob
968 1729 1053 1792 facta
1077 1728 1133 1791 aut
1236 1681 1239 1686 Ι
1317 1711 1325 1740 ’

166 1828 314 1892 adiuncta
335 1818 541 1890 essentialiter
556 1826 649 1891 utilia
664 1828 775 1891 merito
791 1847 913 1901 causac,
931 1827 983 1908 qui
1000 1825 1134 1890 examini

165 1925 278 1990 subiici
305 1926 469 2006 nequeant,
502 1923 641 2005 eoquod
676 1927 837 2011 censeatur
860 1924 943 1988 haud
970 1922 1131 1988 convenire

165 2024 207 2087 ut
229 2023 454 2095 vocentur,aut
477 2023 549 2103 quia
572 2022 675 2086 vocati
698 2022 846 2098 abnuant,
870 2022 986 2086 mentio
1010 2039 1131 2084 eorum-

166 2122 238 2184 dem
255 2119 291 2183 fit
307 2121 339 2182 in
354 2121 485 2194 actibus,
511 2121 542 2184 et
565 2121 693 2184 curatur
716 2121 857 2202 supplere
873 2138 980 2194 eorum
1000 2108 1136 2182 defectui

167 2236 222 2301 per
252 2216 457 2300 depositiones
480 2217 611 2280 aliorum
637 2219 777 2294 testium,
810 2219 864 2299 qui
886 2217 923 2281 de
946 2217 1056 2294 relato,
1077 2216 1133 2278 aut

166 2317 232 2381 alia
266 2317 396 2392 ratione,
420 2315 560 2379 noverint
583 2316 615 2380 id
638 2317 719 2397 quod
743 2317 924 2397 exquiritur.
1030 2379 1032 2384 .

217 2414 313 2478 1331.
342 2451 386 2460 -
417 2414 502 2476 XXI.
530 2412 633 2493 Quum
660 2415 824 2479 collectum
856 2413 951 2478 fuerit
984 2411 1133 2494 quidquid

167 2531 245 2594 opus
269 2513 311 2576 sit
327 2511 366 2574 ad
382 2511 501 2574 factum
532 2512 564 2574 ΙΙ
587 2512 723 2576 accusati
747 2511 1048 2594 responsabilitatem
1066 2527 1133 2573 con·

167 2609 373 2682 stituendam,
398 2610 525 2673 vocatur
540 2609 599 2672 iste
616 2609 655 2672 ad
674 2629 810 2673 examen,
1109 2639 1111 2644 .

217 2707 313 2770 1332.
340 2742 376 2750 -
404 2705 505 2768 ΧΧΙΙ.
530 2707 566 2770 ln
604 2707 781 2783 indictione,
817 2707 877 2772 nisi
907 2705 1071 2790 prudentia
1102 2703 1134 2767 id

168 2806 265 2882 vetet,
282 2805 474 2886 exponuntur
497 2805 525 2868 ei
538 2823 592 2886 per
615 2808 774 2869 extensum
798 2807 1009 2870 accusationes
1030 2803 1135 2868 adver·
1206 2833 1207 2838 κ

168 2923 240 2968 sum
256 2921 327 2966 oum
351 2901 499 2979 collatae,
524 2905 560 2966 ut
576 2905 678 2984 pareri
696 2904 800 2968 ualeat
823 2904 863 2967 ad
878 2901 1134 2984 respondendum.

172 3002 174 3006 ’
218 3002 313 3064 1333.
341 3039 379 3046 -
406 3001 524 3064 Xlllll.
557 2999 686 3080 Quando
711 3003 817 3072 autem
849 3001 886 3065 ob
902 3001 1134 3064 accusationum

168 3098 351 3179 qualitates,
375 3099 432 3161 aut
457 3097 495 3160 ob
518 3098 581 3160 alia
605 3098 761 3173 adiuncta,
787 3099 919 3180 prudens
954 3118 1015 3162 nen
1039 3097 1135 3162 sitin
1236 3099 1239 3106 '

171 3195 244 3259 actu
255 3195 472 3282 intimationis
489 3213 540 3259 eas
563 3195 744 3276 patefacere,
761 3196 792 3258 in
805 3197 864 3260 heo
879 3196 978 3270 solum
995 3195 1137 3258 innuitur

168 3291 314 3356 cumdem
338 3292 378 3355 ad
402 3311 527 3355 examen
552 3293 666 3368 vocari,
691 3294 727 3357 ut
750 3313 814 3358 sese
838 3296 961 3358 excuset
976 3293 1008 3357 in
1031 3311 1135 3367 causa,

96 3434 98 3438 -
133 3449 134 3453 ,
169 3409 251 3472 1111ΙΙ
273 3389 376 3471 ipsum
399 3391 525 3471 respicit
547 3392 594 3454 uti
619 3393 811 3456 accusatum.

220 3487 315 3551 1334.
339 3525 384 3532 —
407 3487 522 3550 XXIV.
540 3488 574 3553 Si
596 3489 710 3553 iudicio
733 3491 840 3554 sistere
864 3490 982 3554 abnuat
1004 3489 1137 3552 iteratur

171 3585 310 3660 indictio,
324 3585 354 3648 in
379 3604 439 3666 qua
464 3586 561 3649 eidem
586 3587 768 3671 praefigitur
791 3607 945 3671 congruus
968 3587 1137 3671 perempto-

171 3685 236 3748 rius
260 3685 420 3759 terminus,
446 3685 533 3766 eique
565 3685 758 3768 significatur
781 3687 863 3768 quod
887 3687 914 3750 si
937 3687 1037 3750 adhuc
1069 3685 1140 3750 obe·
1165 3677 1168 3682 ’
