2866 4268
342 215 391 268 128
471 217 643 266 ΤΗΑΟΤΑΤΗὸ
667 220 706 264 DE
729 219 919 265 flrunlusffll
942 216 1173 264 lumsnlc'rion’ls

341 419 475 501 «ipsum
499 418 678 483 Pontificem
702 419 877 484 Romanum
901 418 1111 484 Successorem
1126 437 1191 482 esse
1206 417 1293 483 Boati

341 543 357 574 «
374 515 458 580 Petri
482 515 632 598 Principis
654 516 887 598 Apostolorum,
912 518 943 580 et
967 535 1073 581 verum
1106 513 1219 580 Christi
1243 515 1295 580 Vi·

340 639 356 672 «
372 614 501 687 carium,
526 613 683 696 totiusque
706 613 858 678 Ecclesiae
881 616 985 697 caput,
1009 615 1041 678 et
1056 613 1193 678 omnium
1211 611 1294 678 Chri-

339 738 356 770 «
373 712 543 776 stianorum
567 713 688 792 patrem
711 730 747 775 ac
770 711 927 776 doctorem
951 712 1097 784 existere3
1128 711 1160 774 et
1182 711 1241 792 ipsi
1264 712 1293 775 in

339 809 463 873 «beato
487 809 579 872 Petro
604 809 757 890 pascendi,
774 809 899 893 regendi
916 828 951 873 ao
967 808 1158 894 gubernandi
1172 809 1295 873 univer·

339 932 356 966 «
372 907 468 971 salem
477 906 645 970 Ecclesiam
658 925 676 970 a
689 907 822 971 Domino
837 909 942 972 nostro
955 907 1024 972 lesu
1037 905 1161 972 Christo
1172 907 1294 989 plenam

338 1030 355 1062 «
371 1005 556 1086 potestatem
581 1003 720 1068 habitam
745 1022 827 1078 essm
853 1003 1113 1085 quemadmodum
1144 1005 1241 1068 etiam
1264 1005 1295 1068 in

338 1125 355 1158 a
370 1101 467 1184 gestis
491 1102 755 1165 oecumenicorum
780 1097 988 1165 Conciliorum
1017 1102 1049 1165 et
1072 1101 1103 1164 in
1127 1101 1222 1165 sacris
1245 1120 1293 1164 ca·

338 1225 354 1256 «
371 1199 501 1264 nonibus
524 1200 700 1263 continetur
718 1219 748 1260 a.

377 1296 452 1360 387.
478 1331 518 1342 -
542 1296 583 1360 Il.
612 1298 792 1360 «Docemus
815 1295 942 1378 proinde
965 1315 1001 1360 ac
1024 1295 1218 1360 declaramus
1241 1297 1294 1359 Ec-

335 1419 352 1452 «
367 1395 492 1460 alesiam
508 1395 693 1470 Romanam,
710 1394 890 1476 disponente
906 1395 1050 1470 Domino,
1068 1413 1159 1477 super
1188 1413 1295 1459 omncs

334 1517 351 1551 «
367 1493 446 1558 alias
469 1492 640 1557 ordinariae
663 1492 827 1574 potcstatis
851 1491 987 1556 obtinere
1011 1492 1231 1577 principatum,
1263 1495 1294 1556 et

334 1615 352 1649 «
368 1592 446 1656 hanc
459 1590 590 1655 Romani
602 1589 759 1654 Pontificio
775 1590 994 1654 iurisdictionis
1010 1590 1198 1671 potestatem
1214 1609 1296 1672 quae

334 1713 352 1748 c
370 1707 437 1753 vere
461 1688 644 1770 episcopalis
668 1691 725 1764 est,
749 1687 963 1752 immediatam
987 1706 1062 1764 esse,
1094 1706 1168 1770 erga
1198 1707 1294 1770 quam

334 1789 586 1868 «cuiuscumque
620 1788 699 1850 ritus
723 1787 755 1850 et
777 1786 940 1871 dignitatis
963 1787 1102 1868 pastores
1132 1787 1228 1868 atque
1259 1787 1294 1850 fi-

334 1910 351 1943 «
367 1885 460 1960 deles,
484 1886 551 1948 tam
575 1903 714 1948 seorsum
738 1884 853 1968 singuli
878 1903 971 1965 qnam
995 1883 1089 1948 simul
1113 1901 1229 1961 omnes,
1253 1883 1296 1948 of-

334 2007 351 2040 «
367 1982 436 2048 ficio
460 1983 666 2046 hierarchicae
690 1981 952 2047 subordinationis
976 1999 1125 2062 veraeque
1154 1979 1295 2046 obedien·

334 2106 351 2139 a
367 2081 429 2145 tiae
464 2081 711 2164 obstringuntur,
746 2099 806 2145 non
842 2080 942 2144 solum
977 2081 1007 2143 in
1035 2080 1126 2144 rebus
1151 2099 1230 2160 quae
1255 2080 1294 2145 ad

333 2203 350 2236 <‹
366 2176 458 2242 iidem
488 2179 520 2241 et
552 2196 661 2252 mores,
695 2177 747 2241 sed
778 2177 874 2242 etiam
906 2177 938 2240 in
962 2177 1009 2247 iis,
1034 2195 1113 2258 quae
1137 2177 1176 2240 ad
1200 2177 1294 2242 disci-

333 2301 350 2334 «
367 2276 484 2358 plinam
507 2278 539 2339 et
561 2276 698 2358 regimen
722 2275 876 2340 Ecclesiae
900 2293 953 2356 por
975 2276 1079 2339 totum
1104 2275 1208 2340 orbem
1233 2275 1293 2340 dil·

333 2397 350 2431 <a
365 2373 462 2446 fusae,
496 2373 667 2454 pertinent;
702 2373 748 2436 ita
782 2373 819 2435 ut
852 2371 1009 2436 custodita
1043 2391 1114 2434 cum
1147 2371 1293 2436 Romano

333 2494 350 2527 «
366 2468 512 2532 Pontifice
536 2469 602 2532 tam
626 2469 849 2533 communionis
872 2488 966 2550 quam
990 2469 1125 2532 eiusdem
1139 2467 1293 2552 fideipro-

333 2593 349 2624 «
365 2566 486 2630 fessioni
510 2566 641 2642 unitata,
665 2567 801 2630 Ecclesia
825 2565 941 2630 Christi
964 2567 1006 2630 sit
1029 2585 1108 2630 unus
1136 2585 1208 2649 grex
1232 2568 1293 2632 sub

332 2689 349 2722 «
365 2683 425 2727 uno
450 2664 588 2728 Pastore.
613 2665 698 2730 Haeo
721 2668 767 2730 est
790 2665 959 2729 catholicae
976 2665 1117 2728 veritatis
1140 2665 1290 2742 doctrina,

332 2780 383 2824 «a
400 2780 460 2842 qua
477 2760 608 2838 deviare,
625 2763 712 2826 salva
728 2762 787 2826 fide
803 2764 897 2844 atque
909 2763 1020 2838 salute,
1038 2780 1126 2826 nemo
1138 2764 1242 2844 potest
1258 2787 1290 2826 ».

373 2858 447 2921 888.
480 2895 507 2904 -
538 2859 596 2922 ΙΙΙ.
624 2859 751 2924 «Porro
774 2879 809 2924 er
833 2879 976 2941 suprema
992 2859 1046 2924 illa
1063 2860 1196 2924 Romani
1211 2859 1290 2924 Pon-

331 2981 348 3014 «
365 2956 456 3020 tiliois
479 2958 634 3039 potestate
656 2957 848 3041 gubernandi
864 2958 1040 3022 universam
1056 2957 1222 3023 Ecclesiam
1239 2959 1290 3022 ius

332 3080 348 3112 «
364 3055 462 3120 eidem
486 3074 551 3120 esse
574 3055 782 3136 consequitur,
806 3056 837 3119 in
860 3055 952 3120 huius
976 3054 1023 3119 sui
1047 3055 1182 3120 muneris
1205 3073 1290 3120 exer·

331 3153 437 3216 «citio
462 3153 555 3216 libere
578 3153 826 3216 comrncnicuadi
847 3173 916 3216 cum
941 3153 1124 3233 pastoribus
1157 3155 1186 3215 et
1221 3173 1290 3232 prc-

331 3276 348 3308 «
363 3249 454 3330 pibus
472 3251 565 3314 totius
581 3249 751 3326 Ecclesiae,
768 3253 805 3314 ut
821 3251 913 3314 iidem
930 3251 1049 3333 abipso
1065 3251 1097 3314 iu
1113 3251 1164 3314 via
1176 3251 1287 3314 salutis

329 3373 346 3405 «
362 3343 471 3411 doceri*
485 3367 521 3412 ac
543 3349 609 3431 regi
633 3349 762 3430 possint.
786 3346 888 3427 Quare
912 3348 1099 3412 damnamus
1121 3368 1159 3410 ec
1181 3367 1287 3428 ropro-

330 3471 346 3502 «
364 3444 620 3510 bamus.illorum
643 3445 822 3524 sententiaa,
848 3447 900 3527 qui
924 3446 1003 3510 hanc
1026 3447 1161 3530 supremi
1177 3447 1288 3528 capitis

328 3567 345 3599 «
361 3561 431 3605 cum
455 3542 630 3624 pastoribus
654 3544 685 3606 ct
707 3542 854 3626 gregibus
877 3544 1186 3610 communicationem
1205 3543 1287 3608 licite

330 3639 509 3718 «impediri
526 3659 616 3718 posse
639 3641 756 3714 dicarat,
788 3646 845 3704 aut
867 3640 1004 3704 eamdem
1026 3642 1162 3706 reddunt
1183 3661 1284 3706 saecu·
