2812 4268
354 305 419 352 cle.
444 307 464 352 1.
488 307 527 352 bu
551 305 722 352 Polusunuu
744 305 901 354 IUDICXNDI
1061 305 1115 359 435

152 523 236 588 Sese.
260 526 314 600 21,
330 523 366 585 dc
381 521 533 601 Reform,
558 543 624 604 cop.
651 527 682 598 3,
699 527 730 586 et
744 520 826 588 Sese.
843 525 900 596 22,
917 523 1062 588 semeleter
1077 523 1115 588 de

151 620 306 701 Reform,
323 641 389 700 cop.
407 626 438 683 3.

201 720 296 784 1399.
321 757 365 766 -
387 719 487 784 ΧΧΧ,
511 720 591 787 Item
622 719 770 784 adversus
801 720 977 783 exercitium
1015 719 1115 784 facul-

151 819 257 882 tatum
281 817 440 899 Episcopis
463 818 704 898 competentium
727 835 818 898 super
833 817 1025 882 exsecutione
1050 837 1116 882 om·

153 915 240 979 nium
265 916 386 998 piarum
409 914 656 997 dispositionum,
669 916 736 978 tam
759 915 790 978 in
813 914 926 978 ultima
943 915 1115 993 voluntate,

153 1033 248 1096 quam
272 1014 352 1077 inter
382 1013 479 1088 vivos,
504 1013 535 1076 in
561 1011 683 1076 casibus
707 1031 725 1076 a
749 1013 815 1076 iuro
845 1013 1005 1088 concessis,
1029 1013 1116 1076 iuxta

151 1109 388 1194 dispositionem
424 1109 508 1174 Sacri
542 1108 681 1186 Concilii
705 1108 787 1174 Sese.
814 1112 872 1186 22,
899 1110 938 1174 de
966 1109 1117 1189 Reform,

153 1230 222 1290 cop.
246 1213 277 1273 8.
539 1255 542 1262 -

157 1363 159 1366 .
202 1309 298 1372 1400.
322 1343 367 1354 -
389 1307 505 1370 XXXI.
541 1306 619 1370 Item
647 1325 665 1369 a
690 1305 869 1370 visitatione
903 1306 1116 1388 hospitalium,

151 1406 356 1490 collegiorum
380 1423 653 1488 quorumcumque,
685 1405 717 1468 et
746 1405 1037 1470 confraternitatum
1059 1405 1118 1470 lai·

149 1521 268 1577 corum,
293 1503 556 1585 eleemosynarum
581 1502 738 1566 Montium
769 1502 905 1583 pietatis,
930 1502 995 1566 sire
1018 1502 1118 1566 ohari-

151 1600 241 1675 tatis,
266 1601 297 1664 et
330 1601 466 1663 omnium
503 1600 623 1682 piorum
658 1599 795 1663 locorum
830 1598 1118 1680 quomodocumque

79 1715 85 1726 ·
154 1699 413 1780 nuncupatorum,
438 1698 562 1762 etiamsi
574 1715 681 1762 eorum
697 1716 771 1761 cura
787 1695 827 1760 ad
843 1696 939 1762 laicos
955 1698 1117 1778 pertineat,

154 1796 211 1860 aut
234 1796 437 1877 exemptionis
461 1795 625 1878 privilegio
648 1795 712 1860 sint
739 1795 879 1858 muniba:
896 1814 931 1858 ae
955 1794 1118 1876 deniquae
1150 1837 1152 1844 ·

152 1894 330 1977 cognitione
353 1895 385 1957 eb
411 1893 631 1974 exaequatione
664 1911 771 1956 eorum
805 1893 954 1968 omnium,
978 1912 1057 1974 quae
1080 1894 1118 1957 ad

156 1993 213 2056 Dei
237 1991 356 2055 cultum
381 1993 437 2055 aut
461 1992 636 2055 autmarum
660 1991 805 2066 salutem,
829 2009 883 2054 seu
907 2009 1056 2072 pauperes
1072 2005 1120 2054 su·

143 2089 337 2154 'stertendoe
360 2089 507 2152 instituta
531 2089 612 2164 sunt,
637 2089 723 2152 iuxta
746 2087 865 2162 dictum
881 2087 1045 2152 Decretum
1064 2089 1120 2154 Sa·

154 2189 200 2250 ori
225 2185 364 2262 Coneilii,
389 2185 471 2250 Saos.
489 2189 545 2261 22,
562 2186 599 2250 de
615 2184 766 2265 Reform,
783 2206 850 2266 cop.
867 2189 897 2248 8.

204 2285 299 2348 1401.
330 2321 364 2330 -
391 2284 523 2347 XXXII.
557 2283 637 2346 Item
661 2303 679 2347 a
702 2283 852 2356 Decretis,
888 2301 941 2348 seu
964 2284 1121 2349 mandabis

153 2382 338 2466 cogentibus
373 2381 640 2445 administratores
673 2382 740 2444 tarn
771 2381 1003 2458 ecclesiasticos,
1028 2400 1120 2463 quam

157 2480 262 2555 laicos,
298 2480 393 2544 etiam
428 2481 596 2560 exemptos,
632 2478 765 2543 fabricae
795 2479 931 2544 cuiusvis
965 2479 1120 2555 ecclesiae,

154 2578 253 2642 etiam
277 2577 474 2652 cathedralis,
499 2576 674 2658 hospitalis,
697 2576 971 2651 confraternitatis,
996 2577 1122 2642 eleemo-

155 2694 261 2760 synae,
286 2674 403 2740 Montis
427 2675 563 2756 pietatis,
586 2676 618 2738 et
641 2692 905 2755 quorumcumque
935 2674 1057 2756 piorum
1080 2674 1122 2738 lo·

154 2793 275 2849 corum,
300 2773 340 2837 ad
363 2773 550 2838 reddendam
585 2773 716 2856 singulis
751 2772 839 2836 annis
869 2772 930 2854 Ipsi
959 2771 1121 2838 Ordinario

158 2873 311 2936 rationem
336 2890 409 2935 suae
434 2869 724 2946 admIniStratIonis‚
752 2870 811 2934 nisi
835 2869 921 2934 aliud
943 2869 975 2932 in
998 2869 1122 2934 instit·

156 2969 243 3033 tione
266 2969 298 3033 et
322 2967 515 3034 ordinatione
545 2968 619 3032 talis
650 2967 805 3042 eeclesiae,
841 2986 895 3031 seu
918 2968 1052 3032 fabricae
1075 2987 1122 3032 ex·

160 3085 261 3150 presso
295 3068 423 3131 cautum
454 3067 557 3140 fuerit,
593 3067 679 3132 iuxta
713 3065 845 3130 Decreta
868 3065 953 3129 Sacri
981 3063 1122 3143 Concilii,

112 3187 116 3193 ·
162 3165 242 3230 Scae.
260 3169 290 3241 7,
307 3166 345 3228 de
361 3164 511 3246 Reform,
528 3185 594 3245 cop.
608 3167 658 3240 15,
677 3166 759 3232 sess.
775 3166 833 3242 22,
846 3183 912 3243 cup.
926 3167 956 3239 9,
971 3162 1053 3230 Sese..
1066 3167 1122 3241 25,

161 3284 228 3344 cap.
252 3267 282 3326 8.
1064 3279 1066 3286 ’

163 3401 166 3405 ⁷
209 3362 306 3425 1402.
331 3399 373 3406 -
396 3361 543 3424 XXXIII.
572 3361 651 3424 Item
675 3379 693 3423 a
716 3361 854 3425 DecretIs
870 3361 1123 3443 compellentibus

162 3458 312 3536 notarios,
336 3459 430 3522 etiam
452 3457 640 3539 Apostolioa,
658 3458 814 3539 Imperiali
830 3461 887 3522 aut
902 3459 1000 3543 Regia
1016 3459 1123 3524 auoto-

105 3557 108 3565 '
161 3557 257 3622 ultate
281 3559 409 3630 creatos,
445 3557 477 3619 et
511 3554 677 3620 scribentes
700 3555 732 3618 in
762 3557 863 3620 causis
898 3555 1122 3631 ecclesiasticis,

164 3655 213 3720 vel
236 3653 458 3736 spiritualibus.
483 3653 522 3717 ad
546 3672 577 3717 se
593 3653 815 3718 subiiciendum
831 3653 981 3718 examini:
1006 3670 1125 3718 eorum-

117 3806 119 3811 .
163 3772 223 3834 que
246 3753 424 3828 remotione,
459 3751 507 3816 vel
537 3752 734 3835 suspensIone
768 3753 800 3816 tn
834 3770 908 3816 casu
936 3750 1051 3828 delicti,
1076 3750 1125 3815 vel
