2750 4270
358 249 423 295 CAP.
446 249 466 294 l.
492 251 532 296 DE
556 249 723 297 ELECTIONE
747 251 779 296 ΙΝ
803 251 926 297 GENERE
1066 251 1115 304 201

151 446 202 510 rel
226 446 380 511 bouomm
403 447 681 513 ecclesiastieorum
711 447 1016 513 administrationem
1040 452 1121 514 acci·

149 561 224 626 pere
247 562 309 607 nun
333 547 542 626 praesumant,
578 544 720 624 nullique
742 565 792 608 eos
815 543 931 624 absque
963 545 1119 610 dictarum

150 637 335 704 litterarum
356 643 530 706 ostensione
546 642 770 720 recipiuntaut
786 642 831 705 eis
850 646 988 721 pareant
1010 641 1059 706 nel
1074 644 1119 706 in-

150 737 295 801 tendant.
320 737 456 818 Quodsi
483 740 586 804 forsan
616 743 723 804 eontra
748 741 981 822 praesumptum
1014 741 1118 816 buerit,

148 835 237 916 quod
250 855 304 918 per
316 837 491 920 Episcopus,
505 837 676 911 praelatos,
690 839 837 913 Abbales,
855 838 977 902 Priores
993 841 1024 902 et
1039 837 1119 904 alios

147 934 415 998 monasteriorum
439 935 590 1018 regimina
623 937 796 998 exercentes
820 933 993 1017 praedictos
1016 935 1118 1000 nnedio

148 1031 294 1112 ternpore
317 1033 422 1096 aetum
455 1033 559 1106 fuerit,
591 1033 715 1096 irritum
748 1032 918 1098 habeatur:
943 1055 999 1098 nec
1028 1033 1117 1113 quid-

147 1147 249 1207 quam
272 1131 399 1192 interim
422 1130 515 1194 iidem
539 1130 698 1210 Episcopi,
722 1129 770 1193 cel
794 1130 952 1206 Praelata
978 1129 1026 1196 oet
1048 1131 1117 1196 Ao-

148 1223 249 1300 bates,
274 1226 417 1304 Priores,
442 1227 489 1291 uei
513 1229 669 1308 repemina
699 1234 885 1302 araneantes,
909 1229 946 1292 de
978 1227 1117 1294 ecelesia·

145 1344 226 1386 rum
248 1323 297 1388 cel
311 1327 570 1390 monasteriorum
582 1326 784 1405 proventibus
794 1328 974 1406 percipiunt
997 1347 1117 1391 eorum·

145 1423 232 1486 dem.
258 1459 298 1468 -
323 1425 368 1486 De
391 1423 484 1487 Lnise
499 1423 575 1487 haee
598 1425 629 1487 ct
646 1424 708 1487 alia
725 1424 890 1488 ordinatim
914 1424 1022 1488 tradit.
1039 1425 1116 1489 'ler-

145 1520 256 1583 tuales
272 1522 378 1584 autem
394 1540 497 1584 rerum
510 1520 688 1584 huiusmodi
704 1521 961 1603 praescriptiones
974 1521 1116 1586 dabimus

145 1619 181 1682 in
207 1619 388 1701 compendio
413 1620 544 1684 tertuali
569 1619 712 1702 Corporis
736 1619 817 1684 Iuris
841 1618 997 1684 Canonici.

197 1715 274 1780 584.
298 1754 342 1762 —
368 1718 517 1783 tationes
542 1718 773 1800 generationes.
798 1753 840 1764 -
867 1717 891 1780 Ι.
919 1717 1037 1784 [lectio
1069 1721 1116 1783 est

142 1815 269 1878 vocatio
288 1835 441 1894 personae
464 1815 592 1878 idoneae
607 1813 651 1876 ad
665 1812 823 1877 secusiam
839 1813 887 1876 uei
898 1814 1116 1893 praelaturam

142 1916 313 1975 wcunmm
335 1933 356 1974 a
379 1913 526 1994 lepitimc's
542 1911 725 1975 electoribus
741 1910 835 1990 facta,
861 1916 892 1973 et
913 1934 933 1974 a
956 1915 1116 1992 superiore

144 2008 349 2088 confirmato.
373 2011 477 2074 Habet
507 2010 608 2076 locum
635 2010 666 2074 iu
689 2009 844 2074 beneficiis
867 2011 1048 2086 maioribus,
1080 2014 1116 2075 ut

145 2107 180 2170 in
207 2106 454 2190 Episcopatibus.
479 2145 521 2154 -
553 2108 685 2172 Eunomo
717 2124 799 2170 smru
832 2123 962 2172 eurssr:
996 2108 1030 2170 1⁰
1056 2128 1116 2189 per

143 2206 349 2282 scrutinium,
374 2207 408 2270 2ο
428 2227 487 2286 par
510 2206 763 2286 compromissum
778 2205 984 2285 (absolutum,
1011 2205 1059 2270 vel
1082 2205 1121 2270 li·

144 2303 325 2386 mitatum),
360 2305 396 2366 3⁰
420 2325 481 2384 per
515 2305 755 2384 inspirationem
785 2303 841 2366 aut
873 2303 1118 2383 quasi-inspira-

145 2401 274 2464 tionem.

195 2499 271 2562 585.
297 2537 338 2549 -
363 2499 406 2564 ΙΙ.
433 2501 607 2566 Postulatlu
638 2504 684 2562 est
703 2498 812 2578 petitio
836 2497 1000 2562 electorum
1024 2497 1115 2563 Rern.

144 2595 306 2676 Pontifici
327 2597 422 2677 fucta,
446 2603 481 2660 ut
502 2597 546 2660 ad
568 2598 774 2678 episcopatum
798 2617 867 2659 eum
882 2596 1038 2672 admittat,
1063 2598 1118 2677 qui

140 2699 278 2775 propter
299 2697 482 2760 canonicum
505 2694 756 2774 impedimentum
777 2693 853 2772 eiipi
875 2694 991 2772 nequit.
1016 2693 1115 2758 Nora.

147 2793 186 2856 1⁰
211 2792 329 2857 Electie
353 2793 390 2856 fit
413 2793 450 2857 de
475 2793 580 2876 digua,
617 2789 789 2873 postulatio
814 2808 885 2854 vero
910 2790 946 2852 de
970 2789 1115 2866 inhabili,

146 2889 206 2972 qui
229 2891 318 2955 facile
343 2891 504 2961 habilitari
526 2891 628 2973 potest
651 2891 683 2952 et
699 2889 789 2952 solet.
815 2890 849 2950 2υ
871 2887 1024 2950 dilectores
1048 2889 1117 2970 post

143 2989 330 3054 electionem
351 2988 507 3070 nequeunt
524 2987 653 3061 variare,
671 2985 879 3068 postulatores
904 2983 1115 3060 absolutoria,

144 3085 244 3150 modo
268 3085 439 3168 postulatio
463 3104 524 3150 nou
548 3085 591 3149 sit
613 3083 784 3164 acceptata.
810 3081 845 3143 3⁰
868 3079 969 3144 Hodie
993 3099 1029 3144 er
1044 3099 1116 3144 cou-

144 3181 325 3259 suetudine,
350 3183 398 3246 rel
415 3181 628 3257 Concordiam,
645 3180 698 3243 ubi
714 3179 814 3242 intrat
837 3178 1019 3259 postulatio,
1037 3178 1117 3242 solet

144 3281 216 3365 peti
239 3281 395 3345 indultum
421 3280 630 3364 eligibilitatis
654 3278 727 3341 aR.
752 3275 911 3350 Pantitae,
938 3277 973 3337 ut
996 3293 1117 3362 promo-

143 3378 267 3444 vendus
292 3379 384 3444 modo
408 3378 564 3443 ordinario
589 3376 663 3460 eligi
680 3375 784 3456 queat.
801 3375 837 3436 4⁰
862 3373 1038 3437 Postulatio
1055 3390 1117 3436 nun

142 3477 249 3542 intrat
271 3477 303 3540 in
328 3477 400 3542 aliis
417 3475 618 3540 electionibus
633 3472 858 3555 capitularibus
877 3471 917 3534 ad
933 3471 1115 3554 dignitates,

143 3573 201 3640 vel
224 3573 387 3650 benefieia3
412 3591 510 3654 neque
533 3573 565 3636 iu
588 3571 788 3635 electionibus
812 3569 1006 3652 superiorum
1030 3585 1118 3651 regu-

141 3671 297 3736 larium...
321 3708 366 3718 -
390 3669 452 3736 os.
477 3669 511 3735 O.
535 3669 669 3734 Ferrari.
