2856 4276
530 240 756 286 Pnotnuolrnux
1085 237 1121 292 59

141 433 276 514 sufficit
290 435 425 498 alterum
459 436 633 515 adimpleri.
659 473 704 482 -
727 435 777 500 Sic
796 437 980 519 promittens
993 437 1122 502 domum

142 533 206 596 vel
218 552 340 616 agrum,
356 532 508 597 satisfacit
532 533 633 597 dando
658 535 781 598 tantum
797 535 883 597 illurn
902 535 949 597 vel
962 536 1124 598 istum.-

141 630 267 711 Excipe
291 631 317 693 si
341 631 450 695 electio
475 631 566 694 detur
590 631 748 703 creditori;
766 631 815 694 vel
831 633 867 708 si,
886 652 913 694 v.
932 651 973 714 g,
990 635 1123 696 testator

141 727 298 810 praefixit
323 728 470 805 ordinem,
494 729 531 792 nt
554 728 580 792 si
604 729 732 792 dixerit:
756 729 847 792 detur
869 729 980 793 Iacobo
996 731 1121 806 asinus,

142 829 184 890 et
211 828 237 890 si
260 827 389 892 Iacobus
413 847 473 892 non
497 827 647 910 acceptat,
671 828 762 891 detur
786 827 879 891 Titio.

532 1079 636 1142 Ducis
660 1077 746 1140 Vlll.

203 1239 276 1302 121.
303 1274 333 1283 -
354 1239 465 1302 LXXI.
487 1240 549 1319 Qut
569 1239 613 1301 ad
642 1239 797 1319 operatum
820 1239 1008 1314 rrrlmr'ttr'tnr·,
1022 1243 1068 1301 cst
1081 1240 1125 1303 ud

146 1335 370 1416 eoectptendnm
383 1335 479 1399 oculto
488 1337 590 1417 mepte
602 1337 823 1399 nclmitteudue
849 1373 880 1380 -
898 1335 979 1399 Nam
992 1337 1123 1402 cuilicct

146 1433 236 1515 quod
260 1435 308 1497 est
330 1433 409 1514 plus,
426 1435 499 1498 licet
522 1435 630 1515 utique
654 1433 735 1514 quod
758 1435 807 1497 est
833 1435 943 1496 minus.
961 1435 1051 1498 Aetio
1075 1436 1124 1499 est

145 1531 257 1613 magis
286 1548 378 1612 quam
403 1533 547 1614 exceptio.
564 1569 608 1578 -
624 1531 693 1595 Non
710 1531 793 1595 velet
810 1531 927 1614 regula,
945 1533 970 1594 si
986 1533 1122 1614 exceptio

145 1629 264 1692 tendet
287 1629 319 1692 in
343 1629 510 1693 diversum.
623 1618 627 1626 ’

200 1727 274 1788 122.
291 1763 336 1771 —-
351 1725 478 1789 LXXII.
496 1727 558 1806 Qut
572 1725 650 1805 toor't
665 1747 726 1804 per
753 1725 861 1802 otium,
880 1727 1066 1806 eetpcriude
1083 1747 1121 1791 ac

146 1826 184 1888 st
200 1824 364 1903 factotper
376 1825 521 1904 comeum.
539 1862 569 1870 -
591 1823 653 1888 Otr.
667 1844 731 1908 reg.
749 1824 894 1898 LXVIII,
913 1845 1004 1906 aqua
1017 1827 1122 1888 tumen

146 1922 267 1997 differt,
286 1923 356 2002 quin
373 1921 421 1984 hic
438 1923 545 2006 agitur
562 1921 598 1985 de
615 1922 725 1986 effectu
742 1923 773 1984 et
797 1922 828 1986 vi
851 1925 940 1985 actds
956 1941 1009 2004 per
1025 1923 1123 1986 alium

146 2021 246 2094 facti3
270 2019 378 2102 regule
404 2020 540 2100 superior
564 2037 635 2083 vero
660 2020 727 2102 agit
751 2019 787 2082 de
811 2021 965 2102 potestate
992 2018 1122 2083 faciendi

146 2136 208 2200 per
231 2116 339 2180 alium.

201 2214 274 2276 123.
300 2250 343 2259 -
358 2213 500 2278 LXXIII.
515 2213 648 2276 Factum
661 2213 795 2292 tepe'tr‘oee
807 2215 976 2276 retractari
988 2234 1050 2276 reon
1063 2213 1116 2275 de·

148 2313 212 2388 bct,
228 2311 298 2374 lieet
319 2333 409 2375 costos
426 2317 537 2391 posteo
549 2313 696 2375 eocruirto
709 2333 768 2391 prro
778 2312 949 2390 nonpotoit
965 2310 1116 2374 inchoari.

149 2448 200 2456 -
226 2411 255 2472 l.
280 2409 373 2473 Valet
394 2411 426 2473 in
450 2411 571 2474 notibus
594 2409 733 2494 legitime
757 2409 802 2490 (id
826 2411 883 2485 est,
908 2410 994 2473 iuxta
1023 2410 1121 2492 leges)

149 2507 298 2590 perfectis
322 2509 353 2570 et
376 2507 439 2570 iam
463 2507 633 2589 completio,
657 2509 694 2570 ut
718 2508 748 2570 in
772 2509 983 2584 matrimonio,
1008 2509 1121 2590 episco-

149 2606 243 2686 patu,
260 2605 317 2667 etc.
336 2605 447 2685 quibus
470 2605 686 2686 superveniens
702 2605 958 2686 impedimentum
982 2625 1042 2669 non
1066 2623 1121 2668 no·

152 2702 214 2764 cet.
230 2738 262 2746 -
281 2700 404 2764 2.Nota
429 2701 686 2782 quedeliquando
710 2703 837 2765 effectus
860 2702 1038 2784 impeditur,
1063 2701 1122 2765 etsi

148 2800 242 2862 aetus
256 2817 319 2862 non
335 2799 469 2880 amplius
484 2799 681 2880 impediatur.
699 2798 748 2862 Sic
772 2801 912 2864 sacerdos
936 2799 1117 2882 epilepticus

151 2896 264 2976 nequit
286 2895 447 2959 celebrare.

201 2993 275 3055 124.
294 3030 318 3037 -
335 2991 475 3055 LXXIV.
494 2993 827 3074 Quodnltcoe'prcttooe
838 2993 1024 3068 concedetur,
1035 2991 1120 3055 trolct'

151 3111 219 3154 non
231 3090 317 3153 dedet
328 3089 402 3154 otiis
414 3092 449 3154 to
466 3091 647 3171 exemplem.
659 3128 703 3135 —
714 3091 867 3174 Intellige,
881 3089 963 3171 quod
983 3109 1001 3152 a
1025 3089 1122 3171 Papa,

152 3186 204 3252 vel
228 3207 246 3250 u
277 3207 420 3269 supremo
444 3189 578 3270 principe
602 3207 637 3251 ex
661 3188 786 3269 speciali
809 3187 913 3250 surore
936 3185 1123 3261 conceditur,

151 3305 216 3350 non
240 3285 328 3348 debet
352 3285 435 3348 trahi
458 3287 491 3349 in
514 3287 707 3368 exemplum3
731 3285 763 3348 id
787 3286 842 3359 est,
860 3303 921 3348 non
944 3284 1053 3347 debent
1069 3283 1124 3349 alii

153 3383 263 3447 eodem
285 3383 347 3445 frui
370 3383 485 3464 absque
508 3383 709 3447 concessione.

203 3481 277 3543 125.
291 3517 325 3527 -
339 3479 464 3544 LXXV.
479 3479 619 3542 Frustra
634 3479 880 3558 simonemque
890 3476 1077 3558 pestolatui)
1090 3497 1124 3542 eo

153 3581 286 3654 ceroort,
311 3581 362 3642 cut
388 3579 481 3658 fldem
508 3599 529 3641 o
543 3599 577 3642 se
585 3579 775 3658 praestitam
790 3597 914 3639 cernere
930 3579 1063 3639 recuset.
1079 3613 1123 3620 —

153 3677 298 3762 Intellige
322 3677 359 3740 de
381 3677 441 3741 fide
464 3677 542 3741 eirca
559 3676 700 3740 eumdem
716 3676 910 3740 contractum
927 3675 976 3739 vel
992 3676 1120 3739 factum.
