2758 4270
323 207 375 263 308
605 213 780 260 0000000000
803 213 843 258 00
867 211 1013 258 ressonis
1050 189 1053 192 ’

322 409 589 492 processionaliter
604 429 674 472 cum
690 429 778 473 cruce
793 410 825 474 in
841 411 913 474 actu
931 409 1147 472 visitationis?
1170 409 1200 470 et
1214 426 1278 487 qua·

321 510 411 572 10000
434 507 634 570 affirmative:
660 545 702 552 -
727 509 757 570 2.
780 507 829 572 An
854 507 1022 588 Episcopus
1046 505 1145 587 possit
1167 504 1276 568 eosdem

321 625 428 689 cogere
452 604 491 668 ad
515 604 654 669 eamdem
678 605 914 670 associationem
938 605 996 668 sub
1020 605 1125 685 poenis
1148 622 1280 666 0000000-

319 707 415 767 rum?
443 739 476 748 -
505 703 535 765 3.
559 701 608 765 An
632 721 777 766 censurae
800 703 885 766 latae
908 703 1018 766 contro
1042 703 1164 784 patrem
1187 699 1277 764 Gnar-

320 800 446 866 dianum
469 799 605 864 eiusdem
629 802 798 864 conventus
821 800 1067 874 subsumantur,
1091 800 1124 862 in
1148 800 1280 862 0030101

319 900 471 981 quatenus
494 897 699 962 affirmative:
713 935 757 944 -
771 899 802 960 4.
819 897 868 960 An
885 897 968 960 idem
983 899 1074 978 pater
1090 887 1280 960 Guardianus

296 996 358 1060 ‘ob
380 996 617 1059 celebrationem
641 995 756 1059 Missae
779 996 811 1059 et
842 994 1149 1058 administrationem
1181 993 1279 1058 Sacra·

318 1095 493 1156 mentorum
518 1092 700 1155 remanserit
723 1091 905 1175 irregularis
928 1091 960 1154 in
983 1093 1082 1154 casu?
1105 1127 1151 1136 —
1168 1090 1197 1154 S.
1214 1088 1281 1154 (lon-

319 1191 460 1274 gregatic
483 1190 643 1253 Emonam
666 1191 698 1252 et
721 1189 885 1252 limorum
910 1187 940 1252 S.
966 1189 1004 1252 a.
1022 1188 1056 1250 E.
1075 1185 1278 1251 Cardinalium

319 1287 451 1370 negotiis
467 1287 498 1350 et
510 1287 791 1350 consultationibus
801 1286 1023 1368 Episcoporum
1036 1288 1068 1347 et
1084 1283 1280 1367 Regularium

319 1384 503 1466 praeposita,
527 1384 669 1464 partibus
691 1384 766 1464 ipsis
789 1383 916 1459 auditis,
940 1382 1091 1446 referente
1107 1383 1199 1446 Emo
1218 1380 1280 1445 Gri-

319 1481 433 1556 maldo,
457 1481 576 1543 censuit
600 1481 846 1562 respondendum
870 1481 902 1543 in
929 1480 1091 1544 omnibus:
1124 1480 1280 1560 Nepotis-o.

318 1579 445 1656 Romae,
462 1579 503 1641 25
521 1577 708 1659 Septembris
726 1578 823 1640 1711.

363 1677 437 1740 908.
461 1713 505 1722 -
519 1677 679 1741 collectae
694 1677 879 1757 imperatae.
899 1677 1081 1742 1010001010.
1097 1677 1279 1757 campanae.

319 1811 361 1819 -
383 1773 418 1836 10
443 1773 585 1836 1100103113
608 1773 812 1856 Regularium
829 1773 961 1853 aliisque
977 1773 1124 1837 Ecclesiis
1142 1772 1280 1853 exemptis

316 1870 490 1936 recitandae
514 1872 587 1933 sunt
610 1867 1065 1934 1101100100010001000101001
1082 1870 1280 1952 praescriptae

317 1969 389 2050 quin
414 1967 502 2034 Clero
526 1967 703 2030 earumdem
726 1967 821 2031 110001
844 1969 884 2032 ab
907 1967 946 2031 iis
969 1969 1141 2032 recitandis
1162 1986 1279 2039 cessare,

316 2067 482 2146 antequam
506 2065 687 2128 Ordinarius
700 2065 825 2128 iusserit
837 2063 885 2146 (S.
898 2064 942 2128 R.
958 2063 1004 2140 0„
1019 2070 1040 2128 3
1053 2067 1165 2144 April.
1179 2067 1277 2146 1821).

316 2162 468 2227 (10030000
490 2163 614 2244 insuper
638 2163 670 2225 et
692 2162 875 2237 1010011010,
897 2162 1012 2226 nedum
1029 2183 1048 2226 0
1065 2163 1144 2227 Sede
1159 2163 1280 2246 Aposto-

314 2259 375 2323 lica
398 2261 552 2333 emanata,
577 2259 748 2322 sedetiam
772 2260 811 2322 ab
834 2259 1009 2324 Ordinariis
1033 2263 1243 2345 promulgata,
1264 2279 1279 2323 0
1350 2265 1351 2268 ’

315 2355 521 2438 Regularibus
544 2355 576 2417 in
599 2373 703 2418 eornm
727 2355 873 2418 Ecclesiis
895 2356 1096 2437 publicentur
1119 2360 1279 2438 01000000-

314 2453 435 2514 ventur.
459 2451 532 2514 Dies
545 2451 641 2514 etiam
657 2451 737 2526 festi,
752 2470 829 2532 quos
842 2453 874 2514 in
887 2453 1027 2516 Dioecesi
1045 2473 1104 2518 sua
1122 2454 1279 2518 servandos
1350 2479 1351 2482 ¹

314 2547 395 2611 idem
411 2547 579 2628 Episcopus
590 2549 789 2628 praeceperit,
802 2549 841 2612 ab
855 2551 1006 2632 exemptis
1019 2552 1176 2627 omnibus,
1194 2553 1278 2616 etiam

315 2643 531 2726 segerannus,
556 2645 726 2708 serventur.
752 2641 862 2727 (Oeae.
890 2647 979 2710 Tria.
1005 2647 1040 2711 S.
1057 2649 1133 2713 XX
1147 2649 1180 2724 V,
1193 2669 1217 2712 0.
1232 2651 1278 2722 12,

314 2741 408 2806 Decr.
432 2739 469 2802 de
491 2739 631 2824 110001).
656 2742 784 2805 lubente
808 2742 939 2824 denique
963 2743 1143 2821 Ordinario,
1168 2749 1206 2811 ut
1220 2747 1278 2827 qni·

301 2837 444 2901 *busdam
468 2835 718 2901 solemnitatibus
741 2839 791 2902 vel
814 2840 920 2920 aliquo
937 2843 1088 2923 peculiari
1102 2863 1178 2908 casu
1194 2862 1277 2908 sonos

314 2935 394 2998 aeris
416 2934 557 3014 campani
581 2935 719 2998 omnium
753 2936 952 3002 ecclesiarum
976 2939 1100 3016 edatur,
1134 2941 1276 3005 Ecclesiae

315 3029 518 3112 Regularium
541 3029 681 3110 aliaeque
705 3032 907 3110 quantumvis
931 3037 1096 3116 exemptae
1120 3038 1187 3101 eius
1202 3055 1276 3100 man·

315 3126 388 3190 dato
404 3144 509 3206 parere
526 3127 669 3189 tenentur
684 3125 731 3207 (S.
748 3127 791 3191 R.
812 3126 859 3204 0.,
876 3134 897 3192 3
914 3131 1024 3210 April.
1043 3137 1156 3217 1821).

361 3223 435 3286 909.
460 3259 503 3267 -
529 3223 690 3288 canonici.
715 3261 758 3270 -
782 3222 943 3291 Canoniois
966 3231 1188 3310 capitulariter
1205 3248 1277 3295 acce·

316 3318 899 3402 00011100001100100100110001001000,
913 3326 1029 3406 apponi
1041 3325 1136 3391 debet
1151 3344 1275 3409 pannum

314 3415 346 3478 in
370 3432 504 3490 scamno,
529 3414 651 3495 quando
668 3417 786 3480 suntin
802 3419 913 3484 habitu
929 3424 1105 3487 canonicali
1118 3424 1165 3506 (S.
1179 3424 1219 3488 R.
1235 3421 1273 3494 (1.,

315 3513 359 3572 21
376 3509 438 3572 rar.
456 3511 565 3592 ross).
673 3524 675 3528 ·
