2818 4276
285 267 351 314 ear.
377 269 397 312 l.
424 269 462 313 DE
487 267 742 313 COLLEC'l'IOh'lBUS
766 268 912 314 Chh'lllt't'll
1048 267 1083 318 77

383 359 655 366 ....-.—.-.——-——-—
661 360 950 366 .-,--..-.----....
959 361 1021 366 ---
1031 361 1082 367 .—

109 474 204 550 9aet,
223 469 282 532 nisi
307 469 461 532 contraria
484 469 562 550 lege,
579 469 628 532 uel
655 463 796 550 legitima
813 469 843 530 et
860 468 989 548 probata
1017 488 1086 532 con-

112 566 282 631 suetudine
299 567 468 648 abrogatae
495 567 637 630 existant.

162 665 286 726 22o-
296 663 310 725 Ι
316 663 366 724 V0.
381 663 434 726 lus
447 661 645 739 Canonioum,
654 665 774 745 praeter
786 663 962 726 Decretales
975 665 1005 726 in
1015 663 1086 728 Cor·

110 781 190 844 pore
214 763 296 824 luris
312 761 466 838 collectas,
480 762 695 843 complectitur
712 763 806 825 etiam
823 761 885 824 alia
901 761 1084 826 documenta

1 857 2 862 ’
110 859 277 942 pontificia
291 860 478 922 authentica:
493 859 623 939 «Neque
636 860 717 922 enim
737 859 981 940 lurisprudentia
991 861 1087 924 Cano-

113 957 188 1020 nica
206 956 468 1019 circumscribitur
483 956 622 1037 praefata
635 956 842 1018 llecretalium
857 955 1013 1038 (Gregorii
1026 957 1085 1041 IX)

112 1055 349 1136 compilatione,
361 1053 413 1118 sed
424 1055 641 1135 complectitur
653 1073 773 1135 quoque
783 1055 1088 1136 Epistolcst'ummo-

115 1173 191 1216 rum
209 1153 396 1216 Pontificum
412 1153 444 1216 in
461 1172 496 1216 ea
516 1171 576 1216 non
592 1153 836 1234 comprehensae,
857 1153 994 1234 aliasque
1011 1153 1087 1218 Con-

114 1253 301 1316 stitutiones
323 1251 502 1315 Pontifioias
527 1253 557 1314 in
581 1251 686 1314 eadem
711 1271 771 1315 non
809 1253 933 1328 relatas,
978 1255 1087 1334 totque

116 1352 281 1432 praeterea
305 1350 404 1413 sontes
428 1350 565 1431 apprime
588 1351 761 1430 perspectos
786 1352 937 1426 omnibus,
956 1352 1008 1432 qui
1032 1349 1088 1415 lla-

115 1449 265 1512 nonicam
281 1447 463 1510 facultatem
480 1467 540 1527 qua
557 1447 643 1510 decet
667 1446 828 1528 diligentia
852 1451 1042 1529 pertractant
1055 1473 1086 1517 ».

116 1547 167 1610 ait
191 1545 304 1608 Beued.
322 1545 396 1608 XIV
420 1545 510 1627 (ortt.
527 1546 570 1608 Io
587 1549 744 1623 postremo
771 1547 811 1607 lo
836 1545 902 1609 Oct.
920 1547 1030 1618 1756).

167 1644 243 1706 221.
269 1677 311 1690 -
334 1641 443 1706 Nom:
480 1641 597 1723 Corpus
635 1641 716 1704 Iuris
750 1641 894 1706 Canonioi
925 1643 1088 1726 diligenter

116 1739 332 1814 emendatum,
346 1741 463 1804 Romae
487 1739 637 1804 edendum
658 1741 779 1827 curauit
803 1740 895 1824 Greg.
914 1742 990 1804 Xlll
1010 1742 1086 1805 Litt.

121 1837 208 1902 Cura
232 1859 294 1918 pro
313 1859 439 1900 maore-re
465 1840 480 1901 l
507 1838 579 1902 Iulii
603 1858 652 1901 an.
680 1839 774 1901 1580.

170 1939 245 1999 222.
270 1974 313 1982 —
331 1938 360 2001 ln
377 1935 517 2018 Corpore
543 1936 567 2004 Ι.
584 1934 620 2004 0.
637 1939 819 2005 occurrunt:
846 1939 870 2000 Ι.
896 1939 1036 2001 Runnroa
1056 1939 1088 2019 (a

116 2034 225 2096 rubris
248 2033 373 2109 litteris,
398 2053 450 2097 seu
462 2033 621 2114 inscriptio
638 2033 773 2096 indicans
797 2036 960 2098 materiam
976 2035 1087 2117 tituli).

119 2132 160 2195 In
188 2132 275 2194 libris
307 2131 493 2211 authenticis
524 2133 571 2194 est
600 2151 732 2212 magnae
759 2133 973 2196 auctoritatis:
1009 2133 1089 2196 unde

120 2231 201 2292 tunc
225 2230 308 2292 valet
332 2231 550 2312 argumentum
567 2249 584 2291 a
601 2229 696 2290 raino
715 2229 758 2290 orl
777 2230 911 2308 tetarlon,
933 2231 958 2292 si
986 2232 1089 2293 textus

122 2345 189 2390 non
217 2326 363 2402 dissonet,
388 2345 451 2400 seu,
480 2327 515 2388 ut
539 2327 627 2389 aiunt
659 2325 738 2401 Dr),
763 2326 925 2389 (lroouaodo
960 2327 1090 2389 rrobruuo

124 2443 191 2485 rooa
211 2423 404 2484 oorotrorlr'eat
426 2423 526 2502 aigro.

162 2522 246 2582 223.
270 2558 315 2565 -
326 2521 367 2583 Il.
378 2519 717 2596 Summusomrnrourm,
735 2522 910 2596 siveucrba,
925 2542 1002 2604 quae
1015 2523 1091 2586 indi-

123 2621 200 2683 cant
222 2619 302 2682 unde
326 2619 428 2682 textus
453 2619 581 2700 capituli
594 2619 774 2702 desumptus
794 2621 844 2696 sit,
870 2621 918 2684 vel
941 2622 980 2684 ad
999 2641 1089 2703 quem

124 2719 273 2792 directus,
294 2720 366 2780 sunt
383 2717 589 2793 authenticae,
607 2718 633 2781 si
649 2719 680 2780 in
696 2719 784 2782 libris
804 2719 999 2783 authenticis.

173 2816 248 2878 224.
273 2851 317 2860 -—
340 2816 396 2877 ΙΙΙ.
415 2809 591 2891 Sullanam,
616 2817 680 2879 sive
707 2817 809 2893 verba,
838 2818 949 2897 quibus
976 2819 1092 2899 privati

1 2914 2 2934 ³
123 2915 277 2978 Doctores
290 2913 426 2995 capitula
439 2917 644 2990 summarunt,
669 2934 729 2979 nou
741 2915 854 2978 habent
871 2915 1090 2979 auctoritatem

121 3013 216 3094 legia,
237 3009 291 3074 sed
313 3013 386 3074 sunt
409 3031 491 3074 mere
511 3012 704 3075 doctrinalia.

173 3111 248 3170 225.
273 3145 316 3154 -
340 3108 394 3170 IV.
424 3108 555 3187 Gnossn,
581 3111 729 3190 quaeest
759 3110 882 3174 uberior
917 3111 1090 3191 explanatio

126 3204 290 3270 Canobum
314 3207 352 3269 ab
377 3207 554 3270 auctoribus
578 3209 670 3282 facta,
688 3227 748 3272 non
767 3208 843 3270 lacit
866 3209 924 3283 ius,
943 3207 994 3271 sed
1010 3227 1093 3270 reue-

1 3301 2 3384 }
122 3306 229 3370 renter
245 3303 404 3368 audienda·
421 3305 458 3368 ob
483 3305 678 3370 excellentem
704 3305 885 3381 doctrinam,
903 3307 961 3369 nisi
978 3306 1003 3369 ei
1021 3325 1092 3369 oon-

124 3397 284 3511 tradicant
311 3403 390 3465 aliae
422 3403 553 3485 glossae,
582 3403 630 3466 vel
654 3403 709 3466 alii
731 3403 797 3466 An.
821 3404 943 3467 meliori
974 3405 1092 3467 rationo

127 3519 251 3659 fflsslhll.
275 3633 320 3642 —
344 3595 382 3657 V.
400 3595 498 3673 Nom,
523 3599 671 3678 quaeest
702 3598 824 3661 brevior
850 3599 1020 3662 illustratio
1045 3599 1094 3663 vel

129 3694 249 3759 additio
274 3695 469 3758 citationum.
487 3695 623 3758 Tantum
638 3696 723 3759 ualet
750 3695 899 3776 quantum
925 3698 1094 3762 auotoritas
