2758 4270
272 275 324 330 358
573 276 746 324 ueteribus
770 277 809 322 DE
832 275 933 324 REBUS

271 473 423 557 guleriter
445 472 648 537 sublimatam
672 491 751 536 ausu
775 472 924 556 sacrilego
947 473 1097 537 incessere
1121 492 1245 555 suoque

271 571 408 636 minuere
420 570 535 634 honore
547 570 743 645 contenditis,
757 589 851 652 quem
864 570 912 634 vel
924 571 983 634 soli
995 573 1104 635 contre
1120 590 1242 646 omnes,

271 667 298 731 si
322 667 519 749 oportuisset,
546 666 705 732 defendere
729 667 907 731 debuistis?
931 667 981 732 Sic
1004 667 1082 732 fatui
1088 715 1152 742 ......
1177 686 1242 733 non

271 764 443 829 iudicantes
459 783 556 846 neque
572 764 654 845 quod
672 765 838 830 honestum
849 767 897 829 est
913 765 1129 839 discernentes,
1143 769 1243 848 caput

246 887 248 892 ·
271 865 410 930 vestrum
434 864 527 945 utque
551 863 699 937 omnium,
717 862 797 944 quod
813 864 845 926 in
863 863 949 928 vobis
964 864 1022 938 est,
1039 864 1242 946 deturpetis?

272 979 327 1044 pro
344 979 403 1043 quo
418 961 520 1044 magis
536 980 589 1024 nec
605 961 716 1024 vestris
732 961 807 1042 ipsis
826 961 994 1026 cervicibus
1007 961 1197 1042 percendum
1220 983 1241 1025 a

273 1057 360 1122 uobis
383 1057 471 1132 foret,
495 1058 521 1121 si
545 1058 710 1122 necessitas
733 1059 905 1141 exegisset?
921 1058 1030 1122 Petres
1046 1059 1142 1122 vestri
1158 1058 1241 1123 Urbi
1268 1109 1270 1112 Α

273 1155 378 1219 orbem
393 1155 648 1239 subiugevcrunt,
666 1174 719 1220 vos
735 1155 848 1220 Urbem
866 1156 1039 1238 properetis
1054 1157 1120 1220 orbi
1136 1145 1241 1222 fecere

272 1252 411 1316 fabulum
427 1277 458 1316 s.

204 1431 206 1436 Ι
320 1350 415 1414 1033.
429 1387 473 1398 —-
487 1353 699 1442 lmortlzatto.
714 1385 754 1396 —
769 1350 1005 1433 Comprehendit
1028 1351 1113 1435 leges
1129 1353 1241 1416 civiles

273 1467 403 1530 quarum
428 1451 581 1514 obiectum
606 1451 669 1514 est:
696 1451 729 1512 1⁰
753 1469 865 1532 negare
887 1451 1057 1514 catholicae
1081 1451 1240 1516 Ecclesiae

273 1545 321 1610 ius
351 1548 544 1629 acquirend13
570 1549 605 1610 2⁰
630 1548 677 1611 vel
707 1547 916 1611 restrictiones
948 1548 1102 1623 iudicere;
1128 1549 1163 1612 3⁰
1188 1551 1239 1614 vel

162 1709 163 1712 ,
272 1644 430 1710 licentiam
454 1646 610 1728 Principis,
628 1647 765 1729 exigere;
790 1646 826 1708 4ο
841 1646 891 1710 vel
907 1645 1037 1727 denique
1054 1649 1175 1728 partem
1193 1667 1239 1711 re-

273 1762 343 1806 rum
377 1745 600 1825 acquisitarum
629 1745 770 1808 retinere.
803 1743 900 1826 Super
922 1744 980 1808 has
1010 1745 1124 1826 impius
1151 1746 1241 1830 leges

250 1842 251 1846 ’
273 1844 513 1922 praesumuntur
535 1842 658 1908 fundari
680 1842 738 1917 illi,
763 1843 817 1924 qui
840 1843 871 1904 in
895 1841 1010 1917 Gallia,
1024 1843 1055 1906 in
1071 1843 1239 1926 Hispania,

272 1937 304 2001 in
327 1939 431 2014 Italia,
455 1941 487 2003 et
506 1940 537 2003 in
554 1939 625 2004 eliis
639 1939 825 2022 regionibus,
843 1957 920 2020 ques
934 1939 1116 2004 libcralismi
1132 1943 1241 2024 tyran-

272 2036 320 2100 nis
343 2037 467 2114 invasit,
490 2037 659 2102 Ecclesium
683 2037 769 2100 bonis
793 2037 937 2100 omnibus
952 2037 1017 2100 suis
1042 2038 1240 2119 iniquissime

273 2135 493 2218 spoliaverunt,
518 2155 656 2218 quaeque
679 2138 841 2218 propterea
858 2140 921 2198 inm
937 2138 1065 2210 erroris,
1083 2140 1148 2198 tnm
1163 2136 1240 2200 nni»

273 2233 374 2298 litatis
389 2233 596 2298 characterem
608 2253 680 2317 prce
700 2253 731 2298 se
750 2233 869 2297 ferunt:
887 2234 1005 2297 erroris
1019 2231 1147 2312 scilicet,
1161 2236 1239 2314 quic

272 2329 388 2410 falsam
406 2333 565 2395 continent
582 2333 773 2406 doctrinam
792 2330 951 2394 sterilitatis
972 2350 1053 2408 uena,
1070 2332 1148 2410 qnia
1164 2353 1239 2411 pro

204 2513 205 2516 Ἴ
272 2431 436 2493 nuntiatae
473 2433 548 2494 snnt
583 2430 623 2493 ab
662 2431 879 2509 incompetenti
914 2429 1117 2505 anctoritate,
1154 2431 1242 2495 sicut

273 2526 347 2591 Pius
364 2527 418 2602 VI,
442 2523 679 2610 Archiepis'copo
694 2527 860 2591 Viennensi
877 2527 1040 2591 scribebat.
1065 2565 1097 2572 --
1116 2527 1237 2592 Dicen-

272 2625 346 2688 dum
358 2645 431 2706 erpa
442 2645 510 2688 cnm
519 2625 562 2690 D.
573 2625 706 2689 Hieron.
717 2625 776 2708 (act
785 2623 899 2704 Nepet.
912 2624 949 2688 de
961 2624 1026 2687 nita
1039 2622 1136 2702 Uter,
1151 2646 1181 2688 n.
1192 2627 1238 2710 7):

242 2803 243 2807 Ἰ
276 2747 293 2782 «
316 2723 417 2787 Pudet
432 2723 540 2799 dicere,
564 2723 738 2788 sacerdotes
761 2721 926 2798 idolorum,
943 2723 1032 2786 mimi
1048 2725 1079 2786 et
1096 2725 1239 2808 aurigae,

271 2823 304 2886 et
319 2822 420 2886 scorta
432 2821 638 2886 haereditates
653 2820 794 2902 capiunt:
811 2819 885 2884 solis
898 2819 1015 2884 clericis
1031 2821 1063 2883 et
1074 2822 1241 2886 monachis

271 2920 329 2985 hoc
343 2920 411 3004 lege
434 2919 624 3002 prohibetur,
648 2919 679 2982 et
705 2916 884 2998 prohibetur
906 2935 967 2980 non
991 2935 1009 2980 a
1032 2919 1239 2998 persecutori-

271 3017 338 3094 bus,
359 3017 412 3082 sed
427 3036 445 3080 s
463 3017 650 3100 principibus
674 3013 890 3079 Christianis...
905 3038 936 3076 ».
961 3016 1007 3078 De
1031 3012 1241 3080 Ooncordatis

271 3115 389 3180 dietum
413 3117 460 3179 est
483 3135 513 3178 n.
540 3114 614 3177 114.
672 3183 675 3191 ,

317 3213 413 3277 1034.
438 3249 481 3259 -—
497 3211 584 3276 Noun
600 3211 625 3274 i.
646 3235 664 3270 c
680 3209 712 3275 si
736 3209 829 3282 dicas,
846 3201 1000 3273 rationem
1017 3211 1175 3292 publicum
1192 3213 1240 3276 ei·

240 3389 242 3392 .
269 3311 413 3396 flagitare
435 3311 514 3374 tales
537 3311 621 3394 leges
636 3307 920 3392 (amortisationis),
938 3327 975 3372 ne
991 3309 1110 3372 scilieet
1126 3309 1240 3374 erbeu-

268 3410 370 3474 rietur
397 3409 601 3484 territorium,
629 3408 661 3470 et
684 3423 795 3469 nervus
819 3403 881 3468 fere
906 3405 1006 3469 omnis
1030 3406 1242 3471 transferetur

270 3507 309 3572 ad
332 3525 443 3572 manus
466 3503 606 3571 mortuas
632 3505 861 3588 Religiosorum
893 3504 925 3566 et
957 3501 1158 3580 elericorum,
1190 3525 1241 3570 re·

270 3623 360 3687 pono,
384 3605 468 3669 vium
489 3605 631 3669 omnibus
647 3604 787 3685 apertam
804 3599 843 3664 ed
860 3599 1025 3666 Summum
1042 3601 1240 3680 Pontificem,

270 3701 333 3784 qui,
358 3721 390 3764 re
413 3702 453 3766 ud
476 3721 508 3767 se
531 3703 646 3778 deletu,
669 3703 700 3764 et
723 3697 846 3764 iustitia
862 3716 974 3763 causae
990 3700 1128 3784 cognitu,
1145 3701 1239 3767 facile
