2758 4270
278 220 332 273 294
558 222 731 269 timorosus
755 221 794 268 DE
819 219 965 268 PERSONIS

323 443 397 506 870.
428 480 464 488 -
490 442 574 505 XIV.
591 442 635 506 Er
653 443 789 524 quadarn
814 441 1022 506 declaratione
1043 439 1073 505 S.
1090 439 1187 522 (illp.
1205 441 1240 504 et
1349 427 1350 452 ³

278 541 367 624 Reg.‚
392 541 410 604 8
435 541 501 604 lan.
518 541 613 614 1880,
639 539 775 604 invalida
798 541 846 603 est
869 559 921 603 seu
946 540 1103 603 sanatione
1122 538 1240 622 indiget
1348 593 1350 624 ,

277 639 423 720 professio
448 639 595 702 solemnis
619 637 701 702 facta
718 657 778 700 non
807 637 927 719 expleto
950 639 1056 717 ripere
1077 635 1240 698 mollema-

279 737 336 799 tieo
356 737 489 800 triennio
514 738 657 800 votorum
683 735 883 818 simplicium.
897 735 1012 799 Deerat
1027 736 1105 798 enim
1122 737 1150 798 in
1164 753 1238 798 casu

278 855 344 898 ono
366 835 491 898 circiter
515 834 601 898 doro.
626 834 739 916 (Auci.
763 831 799 896 0.
816 833 866 896 M.
889 831 934 910 0.,
952 835 992 910 ΙΙ,
1021 835 1107 916 100).

277 1053 401 1121 regulari
430 1053 600 1108 tradiderint
628 1053 787 1122 discipline,
818 1071 875 1108 non
903 1053 989 1108 liceat
1018 1053 1066 1116 eis,
1091 1057 1239 1122 postquam

279 1141 314 1196 ad
343 1143 499 1210 pubertatis
528 1144 710 1210 pervenerint
741 1161 837 1206 annos,
870 1143 967 1212 egredi
1002 1147 1031 1196 et
1059 1142 1242 1198 matrimonio

278 1232 443 1300 copulari„-
462 1233 498 1287 Et
511 1249 573 1286 can
593 1234 641 1287 23:
664 1229 864 1287 “Monachum
878 1249 954 1301 ergo,
977 1233 1026 1300 ait,
1050 1237 1098 1287 aut
1122 1237 1250 1300 paterna

278 1320 390 1375 devotio
426 1325 475 1374 aut
507 1321 622 1389 propria
653 1320 791 1390 professio
816 1321 954 1376 facit-
919 1319 1121 1389 -Quidquid
1142 1321 1241 1374 horum

278 1409 373 1474 fuerit,
393 1409 543 1478 alligatum
562 1410 679 1475 tenebit,
659 1411 818 1478 tproinde
840 1410 905 1463 huic
928 1409 963 1464 ad
990 1409 1240 1463 mundumreverti

277 1497 491 1554 intercludimus
511 1499 629 1564 aditum,
654 1503 682 1554 et
704 1517 801 1556 omnes
822 1499 859 1553 ed
879 1500 1021 1554 saeculum
1049 1498 1242 1553 interdicimus

276 1605 419 1656 regressus
436 1629 457 1653 ,.

322 1675 371 1728 Ill.
392 1675 530 1729 Solemnis
550 1675 672 1730 formula
691 1675 749 1730 eius
764 1674 915 1730 oblationis
936 1692 970 1730 ex
990 1675 1016 1728 S.
1033 1675 1178 1730 Benedicti
1191 1675 1242 1729 lte-

277 1763 355 1833 gula‚
375 1781 428 1833 cup
456 1765 498 1830 59,
518 1769 588 1828 erat,
609 1769 640 1820 ut
660 1783 759 1818 manus
779 1765 859 1834 pueri
878 1765 970 1819 oblati
989 1764 1018 1817 in
1039 1765 1138 1818 altaris
1167 1765 1240 1834 pullu

276 1851 477 1919 involveretur,
497 1871 569 1922 quae
590 1857 652 1908 erat
670 1871 776 1922 mappa
796 1853 882 1908 altari
913 1854 1140 1922 superimposita,
1159 1855 1243 1923 idque

279 1941 472 2000 testimonium
501 1947 563 1997 erat
588 1943 754 2008 oblationis,
774 1960 830 2011 qua
855 1943 895 1996 sic
922 1941 1065 1997 involutus
1095 1961 1165 2012 puer
1191 1944 1240 1999 Dei

278 2031 412 2100 obsequio
432 2033 623 2086 addicebatur.

313 2119 359 2175 IV.
382 2121 509 2176 Gratiam.
538 2139 599 2175 can.
630 2123 655 2178 4.
676 2137 697 2174 c·
718 2122 761 2183 20,
784 2138 810 2189 q.
831 2122 855 2188 2,
882 2121 1062 2176 humbertum
1093 2125 1241 2192 quemdam

278 2209 406 2264 oblatum
424 2213 570 2271 memorat,
584 2208 632 2276 qui
647 2211 708 2262 tum
722 2211 838 2276 propter
850 2225 908 2262 non
927 2213 1070 2263 servatam
1090 2211 1240 2266 solemnem

277 2297 352 2352 hanc
365 2298 517 2352 formulam
545 2297 706 2360 oblationis,
727 2301 788 2351 tum
816 2301 931 2366 propter
950 2297 1021 2352 alias
1041 2316 1150 2364 causas,
1172 2301 1243 2356 votis

278 2387 386 2442 solutus
400 2387 559 2440 declaratus
573 2385 643 2450 fuit3
658 2375 693 2440 ‘et
712 2385 739 2440 S.
754 2386 845 2450 Bern,
865 2387 947 2454 epist.
969 2387 1029 2446 1,ιι.
1044 2387 1069 2452 8,
1089 2389 1240 2444 Robertum
1349 2357 1355 2412 l

278 2477 519 2546 consanguineum
533 2494 620 2540 suum,
632 2477 668 2531 ob
681 2476 828 2545 neglectos
848 2477 987 2530 solemnes
1000 2477 1063 2532 illos
1077 2479 1158 2544 ritus,
1169 2480 1241 2534 obla-

276 2567 354 2622 tione
374 2569 523 2634 parentum
543 2565 711 2620 obstrictum
731 2569 827 2634 negat.

319 2653 354 2708 V.
373 2654 533 2708 Rothardus
553 2654 583 2707 in
601 2653 671 2722 Reg.
692 2653 720 2707 S.
739 2653 843 2706 Benod.
873 2653 1007 2708 describit
1033 2654 1195 2720 formulam,
1214 2657 1242 2712 in
1348 2693 1350 2700 ι

278 2761 334 2814 qua
352 2747 434 2812 pater
453 2743 580 2796 dicebat:
603 2741 613 2765 ⁸
630 2742 702 2797 Volo
721 2742 834 2796 tradere
854 2742 942 2796 filium
962 2759 1054 2798 meum
1074 2743 1133 2798 Deo
1157 2745 1243 2800 omui·
1355 2745 1356 2756 ¹

276 2833 388 2901 potenti
401 2833 437 2886 ad
451 2832 627 2886 serviendum
645 2832 698 2885 sibi
713 2832 742 2884 in
758 2833 810 2886 hoc
830 2831 1030 2896 monasterio„
1041 2855 1047 2866 ·
1041 2835 1127 2896 ‚tum
1148 2835 1243 2890 Abbes

277 2923 473 2992 praesentibus
493 2917 629 2976 siebatr‘
629 2917 786 2981 ‘Audistis
805 2920 967 2980 trabeate
955 2919 1082 2976 tvidetis
1103 2923 1170 2990 quid
1190 2925 1245 2980 iste

276 3013 353 3068 dicat
370 3031 397 3078 ,ι
418 3011 686 3080 hirespondebant:
709 3009 946 3065 “Audivimuset
961 3011 1126 3076 videmus„
1147 3011 1244 3068 Abbas

275 3101 501 3156 benedictionem
530 3101 617 3155 dabat
646 3101 751 3168 oblato,
772 3100 821 3168 qui
841 3100 849 3152 i
852 3104 883 3154 ta
902 3103 1051 3168 cooptatus
1075 3102 1245 3158 censebatur

276 3189 305 3244 iu
318 3191 445 3245 ordinem
464 3189 695 3257 monachorum‚'
687 3208 718 3243 ιιι
732 3207 787 3258 quo
802 3189 933 3259 deinceps
953 3189 1042 3244 vitam
1062 3207 1174 3245 omnem
1188 3195 1245 3247 trs·

276 3279 377 3334 ducere
400 3280 529 3334 debebat.

321 3369 367 3424 Vl.
388 3370 487 3438 Neque
501 3369 591 3424 solum
604 3369 676 3430 filios
696 3370 753 3422 iam
773 3373 856 3424 natos
877 3370 1021 3425 vovebant
1040 3375 1181 3438 parentes,
1196 3373 1245 3426 sed

277 3473 323 3512 eos
342 3458 437 3523 otiam,
457 3457 506 3526 qui
525 3458 649 3512 nondum
667 3457 729 3512 nati
742 3457 772 3512 in
786 3457 886 3512 matris
906 3461 986 3514 utero
1006 3458 1151 3514 latebant:
1165 3457 1245 3514 euius
1355 3523 1356 3526 Ἰ

275 3546 315 3602 rei
330 3547 420 3602 multa
438 3546 554 3616 collegit
573 3547 702 3614 exempla
722 3547 852 3602 Balutius
866 3547 896 3601 in
909 3551 967 3604 not.
985 3547 1021 3602 ed
1038 3547 1163 3602 Salvias.
1179 3547 1246 3602 adv.

276 3634 387 3700 averit,
406 3634 455 3688 lib.
475 3635 501 3698 2,
520 3652 586 3704 pog-
605 3633 666 3689 428.
