2750 4270
272 270 337 317 GAP.
360 271 403 317 ΠΙ.
428 271 468 316 DE
492 269 702 318 urlscoronuu
726 269 879 316 auruleus
1010 267 1059 320 179

141 469 212 530 512.
229 505 273 514 -
290 468 428 534 onerum
448 469 593 534 docendi.
610 505 653 514 —
674 467 699 529 l.
719 465 807 529 Trici.
826 477 916 548 (sess.
934 470 965 543 5,
981 487 1006 530 0.
1022 471 1056 546 2,

96 565 131 628 de
145 565 217 648 ref.)
234 568 367 629 statuit:
391 566 502 630 Omnes
519 565 694 648 Episcopos,
711 563 976 647 Arobiepisoopos,
992 563 1057 629 Pri·

97 665 199 739 mates,
224 666 254 728 et
279 683 384 728 omnes
416 665 493 734 alios
525 663 732 728 Ecclesiarum
765 662 928 726 Praelaros
959 661 1057 728 tenori

21 751 22 754 ’
91 779 146 838 per
166 761 291 840 seipsae,
317 761 342 824 si
366 761 505 844 legitime
530 759 673 842 impediti
689 777 750 823 non
767 758 891 834 fuerint,
916 759 1056 840 adprae-

97 856 265 921 dicandum.

136 957 208 1018 513.
235 993 273 1004 -
301 957 414 1020 1111
439 957 624 1039 Episcopum
650 955 785 1037 pertinet
805 955 1056 1020 concionatorum

94 1055 269 1135 approbatio
293 1074 329 1118 ac
352 1055 470 1119 missio.
495 1053 584 1118 Unde
616 1071 713 1134 neque
744 1052 927 1130 saeculares,
959 1071 1056 1136 nequa

95 1149 258 1233 Regularcs
289 1155 419 1234 possunt
451 1151 627 1234 praedicare
651 1151 767 1230 absque
791 1151 880 1214 venia
904 1151 1054 1233 Episcopi.

93 1246 257 1331 Regulares
286 1249 426 1332 indigent
451 1248 660 1312 benedictione
683 1247 797 1330 (petita
820 1247 894 1311 licet
917 1265 978 1311 non
1000 1265 1055 1330 po-

93 1345 178 1409 sitive
201 1347 342 1432 obtenta)
368 1347 511 1430 Episcopi
539 1348 577 1410 ut
599 1345 776 1428 praedicare
801 1346 919 1428 possint
935 1346 966 1410 in
990 1347 1055 1410 suis

95 1441 240 1507 Ecclesiis.

134 1539 206 1602 514.
232 1575 274 1586 -
299 1541 355 1603 lll.
381 1539 550 1623 Episcopus
582 1539 673 1604 debet
707 1539 828 1603 scholas
860 1537 999 1622 publicas
1022 1541 1055 1604 ot

93 1637 224 1716 privatas
248 1638 385 1715 visitare,
410 1641 441 1702 ot
466 1637 597 1721 vigilare
621 1657 658 1701 ne
682 1637 757 1720 quid
772 1637 917 1701 tradatur
932 1639 1054 1702 contra-

93 1735 168 1798 rium
191 1735 261 1799 fidei
288 1737 334 1799 vel
358 1735 508 1799 moribus.

134 1834 205 1896 515.
232 1869 272 1880 -
296 1833 351 1896 IV.
376 1833 545 1915 Episcopus
561 1833 701 1898 concedit
718 1834 838 1897 veniam
862 1833 1055 1898 librosevnl-

21 1983 22 1988 ,
92 1931 190 2012 gandi,
214 1933 258 1995 ita
274 1933 311 1994 nt
327 1932 442 1994 nemini
458 1931 551 1994 liceat
567 1932 683 2014 absquo
699 1931 785 1994 illius
801 1931 926 1994 licentia
942 1932 1052 2010 impri-

94 2046 178 2104 mere,
196 2029 243 2092 cel
259 2029 397 2109 imprimi
411 2029 512 2108 tacere
527 2027 642 2093 librum
659 2030 724 2092 sive
740 2029 926 2112 scripturam
942 2047 1052 2110 quam-

94 2143 226 2208 cumque.

134 2223 205 2286 516.
230 2259 274 2270 -
297 2223 335 2286 V.
362 2224 532 2306 Episcopus
556 2223 646 2288 debet
673 2241 810 2287 «sanam
836 2223 1051 2288 orthodoxam-

93 2453 139 2502 aut
156 2449 297 2520 virginum
318 2450 501 2511 consecratio,
521 2451 595 2504 sicut
614 2449 780 2504 constitutio
800 2449 908 2513 altaris,
922 2466 956 2503 00
969 2447 1051 2504 bens·

93 2537 181 2603 dictio,
201 2541 246 2594 vel
264 2541 370 2595 unctio.
397 2539 543 2609 Siquidem
572 2557 624 2594 nec
652 2541 759 2608 erigere
789 2539 828 2594 eis
858 2539 970 2604 altaria,
998 2557 1051 2594 nec

94 2625 225 2682 Ecclesiae
246 2629 291 2684 vel
311 2629 414 2684 altaria
433 2645 597 2684 consecrare
617 2629 693 2693 licet,
712 2645 764 2682 nec
777 2645 828 2698 per
840 2629 1050 2697 impositionem

93 2704 219 2771 mannn'm
238 2719 367 2774 fidelibus
386 2719 550 2787 baptizatis,
571 2725 617 2774 vel
636 2719 778 2772 conversis
798 2720 948 2773 haereticis
966 2717 1051 2773 Para·

93 2807 190 2864 oletum
209 2811 345 2880 Spiritum
365 2811 501 2865 Sanctum
524 2811 644 2874 tradere,
674 2827 727 2864 nec
754 2811 877 2864 chrisma
904 2810 1049 2874 conficere,

92 2916 140 2953 nec
157 2901 307 2956 chrismate
329 2901 538 2970 baptizatorum
568 2900 677 2956 frontes
706 2901 828 2969 signare,
857 2917 909 2954 nec
938 2899 1050 2968 publice

19 3053 20 3056 ¹
93 2991 197 3057 quidem
217 2993 247 3046 in
265 2993 351 3046 Missa
373 3010 544 3062 quemquem
564 2992 758 3060 poenitentem
777 2991 968 3055 reconciliare,
998 3007 1049 3044 nec

94 3078 222 3136 formatas
242 3083 357 3136 cuilibet
373 3083 509 3150 epistolas
523 3082 644 3136 mittere.
659 3081 737 3136 Haec
751 3081 826 3134 enim
839 3080 934 3134 omnia
947 3080 1050 3134 illicita

93 3175 153 3223 sunt
170 3170 392 3239 chorepiscopis,
412 3171 460 3240 qui
487 3171 523 3224 ad
550 3171 712 3239 exemplum
741 3173 770 3224 et
797 3169 920 3224 formam
947 3169 1049 3223 LXXII

94 3253 291 3326 discipulorum
311 3275 372 3313 esse
391 3263 554 3319 noscuntur,
574 3258 619 3312 vel
639 3257 822 3325 Presbyteris‚
843 3257 892 3326 qui
920 3257 1047 3310 eamdem

19 3393 20 3398 ,
91 3351 198 3412 gestant
217 3348 351 3418 figuram:
371 3348 506 3417 quoniam
536 3363 709 3416 quamquam
728 3346 969 3402 consecrationem
997 3347 1049 3400 ha·

19 3479 20 3484 ,
92 3433 178 3501 beent,
193 3437 377 3492 Pontificatus
391 3441 488 3491 tamen
502 3438 612 3505 apicem
624 3453 682 3490 non
695 3436 802 3490 habent
816 3475 838 3500 ,.
848 3461 883 3474 -
895 3434 1047 3490 Gratianus

19 3509 20 3518 ¹
90 3523 150 3579 ibid.
170 3528 330 3597 subiungit:
352 3526 416 3580 “Hi
437 3544 502 3581 vero
527 3529 643 3594 propter
671 3525 853 3579 insolentiam
883 3543 963 3580 snam
991 3541 1048 3593 qua

90 3609 175 3669 officia
193 3617 395 3686 Episcoporum
415 3616 468 3669 sibi
488 3615 674 3682 usurpabant,
694 3615 730 3667 ab
749 3615 876 3669 Ecclesia
889 3615 972 3669 hodie
987 3631 1047 3683 pro·

90 3701 166 3760 hibiti
185 3709 251 3760 eunt
269 3747 290 3771 ,.
798 3724 799 3728 ¹
