2750 4270
305 232 359 286 202
515 234 688 280 aasentias
710 234 753 279 111.
779 235 818 280 DE
842 234 1061 281 ELECTIONIBUS

351 436 426 498 586.
450 471 494 480 -
518 435 621 500 Varia.
646 471 689 482 ·—-
708 436 733 498 l.
754 439 787 498 ln
803 436 1004 500 electionibus
1020 436 1161 518 peractis,
1172 455 1250 514 prae·

304 534 438 612 saraptio
468 532 587 595 militat
616 533 650 595 ia
682 531 820 611 fororem
847 533 1033 607 validitatis,
1066 551 1251 615 quousquca
1345 534 1353 615 ζ,

304 630 601 696 contradictionibus
625 631 754 696 nullitas
779 651 837 696 non
861 632 1054 696 ostendatur.

351 730 425 792 587.
451 763 492 775 -
517 729 563 792 II.'
591 729 712 793 Eiectio
732 749 790 809 per
813 733 912 793 sortes
935 731 1034 794 vetita
1058 731 1106 792 est
1129 749 1146 792 a
1170 728 1252 792 saone
1351 751 1353 826 3

305 829 482 891 canonibus.

350 925 424 988 588.
449 963 492 970 -
516 924 573 987 Ill.
590 925 692 988 Locos
708 925 865 989 electionis
887 945 946 988 non
962 927 1010 990 cst
1026 926 1063 989 de
1080 925 1253 999 substantia,

303 1024 335 1087 et
358 1023 424 1086 eins
448 1023 582 1086 variatio
607 1023 786 1086 nullitatcm
809 1043 870 1088 non
894 1022 1023 1086 inducit.

349 1120 632 1184 589.-1V.1n
663 1122 820 1184 scrutiniis
852 1141 930 1202 quae
954 1121 1033 1184 fiunt
1056 1122 1088 1184 in
1121 1120 1256 1202 capitulis

304 1219 529 1283 cathedralium
553 1219 703 1300 competit
734 1219 940 1302 dignitatibus
964 1220 1012 1283 ius
1036 1219 1092 1283 illa
1121 1237 1257 1302 recogno·
1351 1211 1356 1240 ¹

303 1317 415 1392 scendi,
440 1317 493 1380 sed
516 1317 564 1380 ius
587 1319 635 1380 est
658 1317 795 1400 capitulo
819 1317 897 1382 duos
918 1317 965 1381 vel
989 1320 1053 1381 tres
1076 1319 1257 1380 scrutatores

202 1443 209 1448 ·‘
303 1415 425 1498 eligere,
451 1413 559 1495 quiid
583 1416 781 1496 exequantur.

349 1513 423 1576 590.
449 1548 487 1558 -
515 1512 553 1574 V.
578 1512 783 1576 lntrinsceum
798 1513 985 1576 scrutatoris
1008 1512 1146 1592 officiam
1168 1513 1259 1576 oonsi-

302 1613 359 1676 stit
382 1613 413 1674 in
437 1612 555 1675 tribus:
582 1613 696 1674 secrete
713 1613 786 1675 vota
803 1605 985 1694 eligentium
1010 1612 1153 1688 scrutari,
1170 1629 1260 1692 eaque

300 1712 333 1774 in
357 1710 505 1790 scriptum
531 1709 667 1792 redigere
684 1711 715 1773 ct
732 1711 775 1774 sic
791 1710 916 1773 redacta
933 1711 1075 1790 protinus
1099 1709 1258 1792 publicare.

347 1807 422 1870 591.
446 1843 490 1852 -
514 1806 568 1869 Vl.
594 1807 639 1871 Ob
663 1806 876 1870 ootaatoriara
911 1807 1116 1887 quorumdam
1150 1807 1258 1888 capita

303 1903 417 1968 teriam
434 1903 611 1978 discessura,
630 1905 678 1968 ius
695 1905 828 1988 eligendi
844 1903 1057 1968 consolidatur
1080 1905 1111 1968 in
1127 1905 1258 1985 reliquis,

211 2021 216 2038 ,
274 2061 277 2066 ,
302 2002 425 2066 etiamsi
449 2001 527 2065 duas
550 2021 609 2065 nen
633 2002 827 2066 constituant
843 2003 947 2083 partes
970 2001 1103 2084 collegii.
1125 2039 1160 2046 —
1181 2001 1259 2082 Quae
1284 2059 1287 2064 .

304 2099 407 2162 omnia
431 2098 653 2162 confirmantur
677 2099 771 2162 variis
795 2097 825 2162 S.
851 2098 936 2162 Sedis
960 2097 1101 2162 decretis.

349 2196 424 2258 592.
449 2233 490 2241 —
514 2195 650 2259 Momm.
675 2195 720 2260 Ut
743 2195 781 2258 ab
816 2195 907 2259 initio
931 2195 1077 2259 notatum
1101 2197 1157 2272 est,
1183 2194 1259 2277 quod

303 2311 428 2356 normae
451 2292 609 2374 hueusque
633 2293 785 2357 adductae
808 2311 869 2358 non
892 2292 1088 2358 constituunt
1111 2294 1260 2356 universa-

302 2390 363 2454 lem
387 2391 419 2453 et
442 2391 586 2454 stabilem
610 2391 797 2455 electionum
813 2391 960 2455 codicem.
978 2391 1083 2455 Unde:
1109 2391 1134 2455 l.
1159 2391 1259 2454 lnhao

302 2489 434 2552 materia
458 2489 696 2570 prudentissimo
720 2491 751 2553 et
785 2489 1019 2572 religiosissime
1041 2489 1206 2574 agendum,
1227 2491 1261 2552 at

303 2585 408 2648 oracio
430 2587 491 2648 rite
513 2605 550 2648 ao
573 2589 654 2650 recte
680 2585 772 2666 licat.
934 2669 939 2676 ⁸

348 2683 422 2746 593.
448 2721 489 2729 —
514 2683 554 2746 ll.
579 2683 738 2748 Videndae
767 2685 1004 2748 consuetudines
1036 2701 1201 2749 nnomruen
1231 2684 1260 2748 ct

302 2798 460 2845 neoniam
483 2782 631 2858 locorum,
657 2802 736 2863 quae
767 2783 939 2866 generatim
963 2781 1101 2846 diversae
1125 2785 1207 2859 sunt,
1231 2782 1258 2844 in

301 2879 392 2942 rebus
414 2881 596 2961 praesertim
613 2881 811 2955 secundariis,
829 2899 882 2962 pro
899 2879 1080 2944 diuersitate
1091 2880 1258 2964 regionum.

347 2977 421 3039 594.
446 3013 489 3022 -
513 2977 570 3039 lll.
602 2976 834 3041 Attendendum
866 2977 906 3040 ad
938 2975 1153 3053 Consonuere,
1185 2993 1258 3058 quac

301 3091 410 3138 verum
433 3074 482 3136 ius
505 3074 703 3138 constituunt
725 3075 755 3138 in
780 3075 955 3157 regionibus
979 3093 1034 3156 pro
1058 3075 1169 3156 quibus
1192 3091 1258 3138 con-

301 3170 368 3234 dita
391 3171 526 3235 filerunt.

347 3269 421 3332 595.
447 3305 488 3314 -
505 3268 559 3332 IV.
579 3268 685 3348 Quoad
701 3269 866 3334 electiones
882 3271 963 3334 inter
980 3270 1146 3353 regulares,
1164 3271 1259 3334 obser·
1350 3249 1355 3343 ζ

302 3363 419 3428 rendae
444 3366 516 3428 sunt
539 3366 777 3430 constitutiones
800 3367 1041 3447 uniuscuiusque
1065 3365 1197 3430 Ordinis.

347 3461 422 3525 596.
446 3497 490 3508 —-
513 3463 554 3527 V.
578 3461 709 3544 Expedit
731 3463 815 3547 leges
849 3463 1056 3546 generaliores
1079 3464 1111 3527 et
1133 3463 1259 3545 partieu-
1352 3508 1353 3516 ,

300 3559 381 3624 lares
404 3559 543 3642 vigentes
575 3561 662 3623 toties
695 3559 804 3640 tegere,
834 3563 953 3641 quoties
984 3559 1089 3625 eiectio
1119 3556 1256 3640 flcdeada
1352 3559 1353 3600 ³

300 3657 351 3720 sit.
376 3655 472 3739 Saepe
500 3657 582 3720 enim
612 3657 731 3721 ratione
754 3657 980 3722 iaeacasobdis
1003 3658 1201 3740 ignorantiae
1231 3653 1258 3715 ct
1352 3705 1353 3712 ,
