2750 4270
452 219 517 266 olP.
541 220 562 265 Ι.
587 221 626 266 DE
651 219 800 266 EPISCOPIS
1057 217 1107 271 231

141 421 280 504 ingressu
316 437 381 495 suo,
417 419 475 484 hoc
506 417 680 482 subsidium
712 417 961 502 (charitativum)
992 419 1108 502 erigat.

140 517 241 584 Aliter
264 515 385 599 indiget
408 514 439 580 S.
464 513 551 580 Sedis
575 517 674 579 venia.

185 615 263 679 671.
291 651 329 660 ·-
355 613 572 696 Opportunum
596 613 738 678 ducimus
763 613 1000 678 admemoriam
1024 633 1109 678 revo-

141 733 209 776 care
232 713 282 776 ius
305 713 337 776 in
360 711 503 776 America
526 712 640 776 Latina
658 713 765 796 vigens
781 713 862 776 circa
885 712 1107 794 Episcoporum

138 812 318 893 proventus,
342 819 378 875 e'r
394 811 453 873 art.
471 810 614 873 859-862
644 809 736 875 Oonc.
753 810 840 874 Plan.
857 809 994 874 eiusdem
1018 810 1109 874 Ame-

139 909 220 972 ricae
245 907 385 984 Latinae,
410 907 618 972 ubidicitur:
655 907 843 980 «Ecclesia,
869 925 976 988 quum,
1002 909 1107 970 nostro

139 1006 324 1089 pracsertim
347 1005 480 1079 saeculo,
505 1005 537 1068 in
561 1023 621 1070 non
645 1005 752 1087 paucis
775 1006 962 1089 regionibus,
983 1005 1107 1087 privata

139 1105 234 1168 irrerit
261 1103 347 1168 bonis
378 1103 592 1168 immobilibus
627 1105 721 1184 atque
756 1103 923 1167 stabilibus
945 1102 1107 1178 reditibus,

138 1204 262 1285 praeter
285 1201 429 1264 liberales
453 1201 625 1266 oblationes
648 1200 798 1273 fidelium,
819 1201 913 1264 etiam
938 1203 1027 1264 taras
1044 1199 1108 1264 suis

139 1299 273 1364 subditis
288 1299 463 1381 impositas,
480 1299 642 1380 tamquam
665 1300 773 1364 modos
798 1298 981 1380 percipiendi
989 1298 1107 1362 reditus

138 1397 364 1461 ecclesiasticos
387 1397 453 1460 iure
469 1397 579 1461 merito
596 1395 736 1460 retinuit.
753 1396 842 1476 Quod
867 1397 914 1459 ius
930 1395 1107 1477 imponendi

139 1496 240 1570 taras,
266 1494 384 1576 optimo
401 1513 474 1557 sane
490 1494 618 1558 consilio
646 1496 804 1558 exercetur
828 1495 909 1558 circa
926 1493 1046 1558 reditus
1062 1511 1107 1557 ec·

138 1593 330 1657 clesiasticos
353 1593 385 1654 et
407 1592 488 1654 bona
511 1592 708 1674 temporalia,
734 1592 903 1673 quaesunt
926 1592 956 1654 in
972 1591 1107 1656 dominio

137 1691 304 1754 Ecclesiae,
321 1725 363 1736 -
381 1687 482 1768 Quare
494 1689 675 1772 Episcopus,
693 1691 824 1773 singulis
841 1690 940 1765 annis,
957 1689 1107 1772 quamdiu

138 1789 179 1854 sit
203 1787 423 1861 necessarium,
459 1788 626 1852 secundum
658 1789 804 1852 tramites
838 1787 1018 1852 aConcilio
1042 1788 1107 1852 Tri-

138 1887 265 1952 dentino
289 1887 438 1961 statutos,
463 1905 481 1949 a
516 1885 719 1950 beneficiariis
743 1887 876 1968 aliisque
899 1888 1036 1968 personis
1059 1905 1108 1950 ec-

138 1984 321 2050 clesiasticis
345 1983 376 2046 in
399 1983 466 2047 iure
490 1984 649 2066 expressis,
666 1985 930 2048 seuiuaristicum
949 1984 1107 2066 postulare

137 2083 246 2147 valeat
269 2084 363 2164 atque
386 2081 630 2146 cathedraticum
654 2071 783 2164 pariter
796 2084 826 2144 in
849 2081 949 2146 forma
965 2083 1107 2165 legitima

137 2181 262 2265 erigere
285 2197 345 2243 non
369 2179 568 2262 prohibetur,
593 2180 761 2244 dnmmodo
785 2182 906 2256 caveat,
930 2199 967 2242 ne
990 2179 1107 2243 iustam

136 2297 319 2343 mensuram
342 2277 479 2340 excedat.
507 2315 537 2324 -
564 2276 715 2356 Quamvis
731 2297 764 2342 er
783 2278 849 2342 iure
864 2277 1021 2341 communi
1037 2276 1107 2359 Epi-

138 2393 250 2458 scopus
273 2375 448 2438 subsidium
470 2373 689 2438 cburitatiuum
713 2375 752 2438 ab
776 2376 911 2440 ecclesiis
934 2378 965 2440 et
988 2374 1106 2438 clericis

140 2473 200 2538 sibi
223 2472 371 2536 subiectis
401 2474 526 2536 tantum
557 2473 808 2549 extraordinarie,
842 2475 924 2538 iusta
955 2475 987 2538 et
1017 2473 1107 2556 gravi

140 2571 365 2634 interveniente
388 2589 492 2646 causa,
509 2571 603 2652 atque
619 2589 690 2634 cum
706 2590 856 2636 consensu
879 2570 1027 2654 Capituli,
1044 2571 1106 2635 exi-

140 2690 212 2754 gere
237 2670 350 2752 possit3
375 2671 491 2746 tamen,
515 2669 726 2734 deficientibus
759 2671 923 2736 stabilibus
955 2671 1106 2736 reditibus

141 2787 195 2850 pro
219 2768 344 2850 propria
369 2767 617 2832 substentatione
652 2769 684 2832 et
718 2768 934 2832 communibus
968 2767 1106 2850 expensis

141 2865 299 2939 dioecesis,
324 2883 379 2946 pro
403 2883 488 2929 more
511 2864 645 2928 aliarum
668 2867 839 2948 regionum,
863 2867 980 2929 certam
1003 2867 1035 2928 et
1057 2865 1106 2928 de·
1174 2889 1176 2893 ·

141 2963 344 3026 terminatam
368 2962 629 3026 contributionem
664 2983 810 3037 annnam,
834 2963 993 3044 aequitate
1016 2981 1108 3028 ceno-

142 3061 210 3124 nica
235 3060 371 3136 servata,
392 3060 511 3142 erigere
528 3061 622 3124 valet.
639 3097 683 3107 -
698 3061 812 3124 Merito
828 3079 950 3142 quoque
966 3060 1108 3143 Episcopi

143 3157 272 3241 erigunt
295 3160 388 3220 tuuus
411 3157 549 3221 statutas
572 3177 627 3239 pro
643 3157 829 3239 quibusdam
846 3157 1041 3222 documentis
1056 3177 1111 3240 per

142 3254 359 3319 cancellariam
383 3255 589 3337 episcopalem
625 3255 785 3337 expeditis.
810 3255 878 3334 Qua
901 3257 934 3319 in
957 3275 999 3332 re,
1034 3256 1109 3320 ada·

142 3351 272 3416 mussim
297 3352 477 3416 observetur
501 3352 583 3434 quod
598 3353 818 3434 praescribitur
842 3371 860 3416 a
884 3351 913 3417 S.
932 3352 1109 3437 Congrege-

143 3449 226 3514 tione
251 3447 391 3525 Concilii,
415 3469 470 3530 per
484 3449 608 3514 litteras
625 3449 717 3514 datas
734 3450 782 3514 die
801 3451 841 3514 lo
865 3451 948 3515 lunii
974 3451 1059 3516 1896
1076 3476 1107 3515 ».

188 3547 264 3610 672.
277 3581 321 3592 -
337 3547 474 3628 tepulae
489 3549 669 3614 canonicae
683 3549 915 3630 generatores.
927 3584 970 3596 -
987 3550 1024 3612 1².
1042 3549 1109 3614 Em-

144 3660 253 3710 sccnus
269 3661 406 3710 osonum
423 3662 496 3710 nssn
509 3662 829 3712 manuascansrmrrs.
842 3647 922 3729 Ipsis
935 3647 1110 3712 omnimode
