2818 4276
197 219 200 224 ’
264 255 330 302 cnr.
353 255 385 302 11.
411 255 519 302 nrrrsro
543 255 775 303 recussusnrcn
798 255 994 303 srsnrncsns
1032 229 1035 236 ’
1067 251 1113 306 117

140 455 182 516 et
204 470 257 516 eos
279 451 478 514 anathemate
501 449 661 532 percussit,
679 450 732 531 qui
755 449 945 514 contrarium
967 447 1113 524 dicerent,

140 549 244 633 (Sese.
261 551 314 624 23,
331 567 397 613 can.
416 547 459 629 7).

195 648 328 710 afio-
346 646 495 712 Doctrina
520 645 640 712 concili
666 646 837 711 Tridentini
864 646 902 710 de
928 645 1113 710 lliersrclria

138 746 237 827 (sess.
262 745 314 820 23,
338 763 404 826 cap.
422 745 442 806 4
459 745 491 808 et
514 761 581 808 can.
607 745 636 818 6,
663 742 693 819 7,
714 744 762 824 8);
788 744 812 806 l.
834 741 1019 822 «Quoniam
1036 761 1107 808 vcro

143 845 179 907 in
203 845 396 907 sacramento
420 839 553 917 Ordinis,
578 841 659 904 sicut
682 841 714 904 ei
737 841 769 904 in
793 840 955 923 Baptismo
978 842 1010 904 et
1031 839 1112 904 Con·

141 940 336 1014 firmatione,
370 940 530 1004 character
564 939 763 1021 imprimitur,
788 939 841 1019 qui
865 956 919 1002 nec
942 937 1036 1001 deleri
1059 955 1114 1002 nec

143 1038 265 1102 auferri
288 1038 407 1120 potest;
432 1036 543 1100 merito
566 1037 674 1099 sancta
697 1034 839 1117 Synodus
862 1035 992 1098 damnat
1007 1052 1113 1098 eorum

143 1135 347 1207 sententiam,
371 1135 423 1216 qni
447 1135 599 1208 asserunt,
623 1131 703 1196 Novi
727 1132 919 1196 Testamenti
942 1131 1114 1196 sacerdotes

146 1233 371 1314 temporariam
395 1230 614 1296 tantummodo
630 1233 817 1312 potestatem
834 1231 956 1304 habere,
972 1233 1005 1294 et
1020 1229 1114 1294 semel

145 1332 209 1394 rite
234 1329 393 1394 ordinatos
416 1331 528 1394 iterum
552 1329 649 1394 laicos
672 1329 752 1392 effici
775 1347 872 1411 posse,
896 1329 923 1392 si
947 1327 1032 1392 verbi
1055 1327 1110 1392 Dei

148 1429 357 1492 ministerium
381 1446 439 1492 non
463 1429 632 1491 exerceant.
656 1425 793 1506 Quodsi
817 1428 886 1507 quis
909 1445 1013 1492 omnes
1030 1425 1115 1490 Cirri-

146 1527 270 1590 stianos
294 1527 465 1608 promiscue
487 1524 568 1590 Novi
604 1525 795 1590 Testamenti
831 1523 1005 1590 sacerdotes
1037 1543 1113 1598 esse,

145 1627 207 1690 aut
230 1643 335 1689 omnes
357 1625 424 1706 pari
449 1625 528 1688 inter
550 1643 582 1688 se
605 1625 761 1705 potestate
784 1623 939 1706 spirituali
957 1622 1113 1704 praeditos

145 1723 296 1800 affirmet,
312 1722 388 1786 nihil
404 1722 490 1786 aliud
507 1721 604 1786 iacere
622 1722 753 1797 ridetur,
767 1741 860 1802 quam
873 1721 1112 1786 ecclesiasticam

146 1821 365 1896 hierarchiam,
383 1839 461 1902 quae
476 1823 524 1884 est
535 1822 572 1884 ut
586 1823 760 1886 castrorum
776 1819 856 1884 acies
872 1818 1025 1892 ordinata,
1042 1836 1115 1887 con-

150 1919 294 1984 tundere:
319 1917 443 2000 perinde
459 1937 495 1982 ac
508 1920 532 1982 si
545 1919 654 1982 contra
667 1918 703 1980 B.
717 1918 808 1982 Pauli
821 1917 993 1982 doctrinam
1011 1935 1115 1981 omnes

146 2017 305 2100 Apostoli,
322 2036 425 2082 omncs
442 2017 625 2098 Prophetae,
642 2035 747 2081 omnes
764 2015 991 2099 Evangelistae,
1010 2033 1115 2078 omnes

146 2115 307 2199 Praetores,
332 2133 437 2180 omnes
461 2115 524 2180 sint
547 2115 694 2180 Doctores
718 2140 750 2176 ».

195 2214 271 2276 361.
288 2249 332 2260 -
352 2214 390 2277 ΙΙ.
411 2213 572 2278 «Proinde
589 2213 785 2278 sacrosancta
809 2211 950 2294 Synodus
966 2210 1114 2285 declarat,

149 2314 272 2394 praeter
294 2313 432 2376 caeteros
448 2311 672 2376 ecclesiasticos
688 2309 815 2393 gradus,
833 2309 1001 2391 episcopos,
1017 2309 1071 2390 qui
1084 2309 1114 2372 iu

145 2399 368 2492 Apostolorum
384 2410 486 2474 locum
503 2411 724 2483 successerunt,
737 2407 777 2471 ad
793 2407 873 2472 hunc
889 2407 1114 2472 hierarchicum

147 2507 289 2572 ordinem
302 2507 463 2589 praecipue
476 2507 637 2588 pertinere,
650 2505 682 2568 et
697 2505 824 2586 positos,
842 2505 922 2568 sicut
938 2503 1019 2568 idem
1036 2503 1115 2585 Apo·
1164 2551 1166 2556 ,

149 2605 251 2668 stolus
286 2606 342 2679 ait,
378 2623 396 2667 a
431 2603 548 2686 Spiritu
580 2604 693 2668 Sancto
717 2621 818 2686 regere
844 2602 1014 2666 Ecclesiam
1038 2601 1115 2674 Dei;

147 2719 264 2783 eosque
294 2703 480 2785 presbyteris
511 2703 682 2784 superiores
713 2719 788 2776 esse,
819 2719 855 2764 ac
886 2702 1114 2764 sacramentum

147 2798 403 2864 Confirmationis
427 2801 572 2875 conferre,
601 2799 761 2862 ministros
784 2798 939 2862 Ecclesiae
964 2797 1114 2874 ordinare,

147 2901 245 2980 atque
268 2897 331 2962 alia
355 2899 501 2980 pleraque
524 2917 670 2982 peragere
686 2897 769 2979 ipsos
787 2916 884 2978 posse,
902 2915 1033 2977 quarum
1051 2894 1118 2958 fun·

146 2997 289 3060 ottonum
321 2999 510 3079 potestatem
541 2996 653 3078 reliqui
676 2995 827 3060 interioris
850 2993 974 3058 Ordinis
997 2992 1116 3056 nullam

149 3093 267 3158 habent
283 3118 314 3156 ».

196 3192 271 3254 362.
297 3229 337 3238 -
363 3191 420 3254 lll.
449 3191 581 3255 «Docet
604 3193 728 3273 insuper
751 3191 947 3254 sacrosancta
964 3186 1116 3270 Synodus,

148 3289 181 3352 in
206 3287 396 3354 ordinatione
420 3289 644 3371 episcoporum,
664 3287 859 3354 sacerdotum
876 3288 907 3350 et
923 3289 1114 3350 caeterorum

147 3385 312 3463 Ordinum,
337 3406 391 3452 nec
414 3387 531 3470 populi,
548 3406 603 3450 nec
618 3386 755 3450 cuiusvis
771 3385 937 3450 saecularis
953 3383 1117 3468 potestatis

147 3487 183 3548 et
206 3485 413 3570 magistratus
437 3504 627 3560 consensum,
652 3485 716 3548 sive
740 3485 944 3560 vocationem,
969 3483 1032 3548 sive
1060 3499 1116 3546 au-

146 3582 328 3648 ctoritatem
352 3584 398 3648 ita
421 3583 546 3664 requiri,
570 3584 607 3646 ut
630 3583 695 3646 sine
718 3601 754 3646 ea
778 3583 867 3646 irrita
883 3583 925 3646 sit
941 3580 1114 3647 ordinatio:
