2750 4270
323 227 388 274 CAP.
411 229 444 274 11.
470 229 509 274 DE
532 228 753 276 ELECTIONIBUS
776 229 809 273 IN
833 227 935 274 SPECIE
1056 225 1110 277 215

465 323 573 328 -—-..—
578 324 583 327 -
614 321 1045 328 ..aff-*ww
1055 320 1108 328 ...—

183 426 263 488 622.
289 461 333 472 -
361 427 464 491 laria.
482 463 525 471 -
540 427 566 488 I.
587 450 605 484 «
621 425 690 490 Non
707 425 888 507 prohibetur
904 423 1109 514 Principibus,

129 541 173 586 ne
200 523 369 604 Episcopos
392 523 537 588 Ecclesiis
561 523 732 606 designent,
757 523 784 586 si
811 521 842 586 id
867 521 942 603 ipsis
966 519 1110 584 Ecclesia

130 621 327 684 concesserit
349 621 395 684 cet
416 623 615 699 permiserit;
633 619 715 702 quod
731 620 855 702 quidem
868 639 903 684 eo
924 637 998 684 cusu
1024 639 1110 700 prae-

130 717 283 794 stabunt,
307 739 370 782 coc
393 719 462 782 iare
486 719 620 798 imperii,
646 719 698 783 sed
715 718 861 800 praesidii
877 717 916 782 ad
940 717 1108 780 Ecclesiam

130 816 322 891 iuvandam,
347 818 378 880 et
402 817 574 880 nominatio
599 818 684 899 regia
709 817 769 880 vim
796 815 955 880 electionis
971 814 1108 891 babebit,

131 916 297 994 quatenus
320 933 371 977 rer
395 915 432 978 ut
456 913 611 978 Ecclesiae
635 915 784 990 defensor,
810 917 847 978 ut
875 913 980 995 populi
1003 914 1108 994 caput,

132 1030 192 1074 seu
212 1012 249 1073 ut
261 1030 391 1092 persona
414 1012 496 1076 inter
519 1011 643 1077 Clarum
660 1015 691 1078 et
704 1013 800 1077 laicos
813 1013 924 1086 media,
942 1013 1110 1092 utrumqne

131 1109 280 1172 ordinem
304 1109 334 1172 in
351 1109 477 1192 negotio
493 1111 653 1174 electionis
670 1111 889 1192 Episcoporum
907 1110 1108 1190 representat,

132 1208 204 1271 sive
229 1207 393 1288 utriusque
417 1208 486 1270 iura
510 1211 639 1284 exercet,
657 1207 800 1272 Ecclesia
823 1207 1002 1270 concedente
1018 1231 1048 1268 ».
1066 1243 1110 1252 --

134 1303 230 1386 (Nat.
244 1303 343 1381 Alere,
357 1305 447 1368 Hist.
465 1304 551 1368 Eccl.
569 1325 649 1368 saec.
669 1305 708 1368 15
727 1309 757 1366 et
775 1305 825 1380 16,
841 1305 917 1366 diss.
929 1305 980 1378 11,
998 1307 1060 1365 ort.
1078 1303 1109 1378 6,

134 1421 170 1463 a.
200 1401 246 1482 7).
989 1449 991 1458 .

185 1498 264 1560 623.
290 1533 334 1544 -
357 1495 398 1560 Il.
420 1523 437 1556 «
454 1498 617 1562 Naturalis
634 1499 716 1562 ratio
734 1498 823 1563 docet
840 1498 950 1562 ovibus
966 1516 1025 1560 non
1043 1516 1111 1562 con·

136 1597 257 1671 venire,
281 1596 318 1658 ut
341 1597 471 1678 pascant
493 1615 530 1660 ac
553 1599 673 1680 regant,
699 1596 751 1660 sed
769 1599 892 1660 tanturn
911 1597 946 1658 ut
962 1597 1111 1678 regantur

135 1695 169 1756 et
195 1695 375 1774 pascantur.
401 1693 518 1758 Verum
541 1695 655 1778 eligere
679 1695 830 1778 pastores,
855 1696 943 1758 actus
967 1697 1014 1758 est
1030 1693 1112 1776 regi-

31 1819 33 1826 *
137 1791 235 1854 minis
271 1791 303 1853 et
335 1791 588 1874 gubernationis3
625 1792 713 1856 laicis
736 1792 844 1874 igitur,
869 1794 979 1874 utpote
1003 1791 1112 1854 ovibus

136 1890 279 1965 tantum,
314 1907 509 1970 nequaquam
546 1890 706 1972 competit,
743 1890 802 1954 nisi
838 1890 1021 1954 concesserit
1052 1887 1112 1952 Ec·

138 1985 247 2060 etesia,
284 1986 321 2048 ut
355 2003 462 2048 revera
493 1987 572 2050 alias
597 1987 737 2064 indulsit,
762 1990 793 2052 et
816 2007 896 2050 nuuc
920 1987 1014 2050 etiam
1039 1985 1112 2066 (ali-

138 2082 269 2164 quibus)
293 2082 490 2164 Principibus
513 2084 666 2168 indulget,
683 2103 754 2148 eum
771 2085 955 2148 facultatem
971 2084 1057 2158 facit,
1075 2083 1112 2146 ut

138 2182 172 2246 in
197 2182 312 2264 regnis,
330 2181 442 2262 quibus
454 2183 613 2263 praesunt,
626 2183 794 2264 Episcopos
810 2182 968 2246 nominent
984 2182 1016 2244 et
1027 2199 1112 2261 prae

139 2281 266 2344 sentent
287 2280 391 2362 Papae
414 2299 432 2343 a
457 2271 516 2361 ouo
547 2281 689 2344 canonice
723 2280 973 2344 instituuntur»
1001 2277 1111 2361 (Gasp.

132 2377 276 2460 iuenin).

231 2591 310 2656 Aer.
324 2593 378 2656 IV.
397 2591 448 2658 lte
471 2593 737 2659 consecratione
757 2592 1022 2676 Episcoporum.

189 2764 264 2826 624.
289 2801 333 2810 —
361 2764 624 2830 Praenotandonr.
651 2801 696 2810 -
731 2765 755 2826 Ι.
792 2764 874 2828 Olim
911 2764 1111 2846 Metropolita

144 2861 380 2944 Suffraganeum
404 2862 613 2926 consecrabat.
629 2862 731 2927 Hodie
748 2863 852 2926 tamen
869 2862 1112 2926 consecrationes

11 2965 13 3048 ξ
144 2959 367 3042 Episcoporum
390 2959 470 3023 liunt
492 2960 542 3024 vel
566 2979 584 3022 a
608 2961 749 3024 Romano
773 2959 924 3023 Pontifice
940 2959 1049 3041 (raro),
1063 2959 1112 3022 vel

11 3109 13 3154 ἱ
145 3056 180 3122 de
204 3059 271 3122 eius
295 3058 454 3122 mandato.

157 3197 159 3202 ,
188 3155 264 3218 625.
278 3193 320 3201 -—
333 3156 374 3220 ΙΙ.
388 3156 533 3238 Episcopi
553 3157 606 3236 qui
631 3157 718 3219 entra
743 3154 859 3220 Urbem
882 3155 1111 3231 consecrantur,

145 3253 256 3335 eligere
279 3255 410 3336 possunt
432 3253 629 3336 Episcopum,
653 3253 703 3318 cui
727 3253 821 3317 datur
841 3252 1025 3317 mandatum
1042 3271 1111 3334 apo·

146 3350 299 3415 stolicum.
398 3355 399 3360 ’

190 3449 264 3511 626.
289 3485 333 3494 -
360 3450 497 3530 Repetas
522 3449 715 3516 canonicae.
740 3485 782 3494 -
807 3448 886 3514 Res.
911 3449 951 3512 Ia.
976 3448 1025 3512 Ad
1047 3468 1112 3512 ma·
1231 3479 1234 3486 ·

146 3545 221 3610 iores
234 3547 387 3612 Ecclesiae
402 3547 535 3629 promoti
551 3547 616 3612 sive
633 3545 844 3623 Cathedrales,
859 3566 913 3611 seu
929 3547 1111 3630 superiores,

47 3675 48 3678 ¹
148 3661 339 3727 quocumque
363 3644 487 3710 nomine
510 3663 547 3708 ac
570 3645 666 3708 titulo
690 3645 754 3708 sint
777 3645 955 3730 insignitae,
986 3643 1113 3710 etiamsi
