2758 4270
305 238 359 290 286
586 239 760 286 macrinus
783 240 823 285 DE
845 239 992 286 PERSONIS

305 438 536 502 oularizationis
566 440 742 518 perpetuae,
777 437 1000 500 auctoritatem
1035 435 1166 499 habeant
1192 434 1257 498 aoei-

306 535 408 617 piendi
442 555 479 598 ao
504 536 657 599 retinendi
681 535 834 599 Beneficia
850 533 1081 606 Ecclesiastioa,
1104 535 1164 598 sive
1184 533 1258 596 Resi-

305 633 467 708 dentialia,
494 633 543 696 vel
560 633 656 696 etiam
672 653 744 696 eum
769 634 945 696 animarum
961 650 1037 694 cura
1061 631 1124 694 sine
1145 630 1258 712 Aposto-

306 732 384 794 lieae
408 729 495 794 Sedis
508 731 751 794 habilitatione?
775 767 820 775 -
832 733 866 791 2⁰
882 729 931 792 An
947 729 1158 792 institutiones
1179 728 1258 790 Paro

306 829 437 893 eborum
471 830 503 892 et
529 827 757 892 Canonioorum
781 826 996 911 er-Religiosis
1025 828 1149 888 tantum
1170 844 1258 888 saeou·

305 927 445 990 larinatis
469 928 627 1008 perpetuo,
652 945 754 1006 neque
778 925 818 989 ad
837 923 992 987 Beneficia
1016 923 1185 986 habilitatis
1205 922 1258 986 siut

306 1023 471 1100 invalidae,
496 1024 639 1104 quamuis
662 1023 742 1086 bozra
767 1022 827 1086 fide
843 1023 1012 1104 peractae?
1050 1057 1081 1065 -
1104 1021 1139 1082 3⁰
1159 1019 1257 1084 Ande

307 1141 393 1184 mum
418 1121 543 1184 valeant
562 1121 621 1202 ipsi
644 1121 676 1184 in
694 1121 887 1202 possessione
905 1117 1129 1182 Beneficiorum
1150 1135 1256 1181 manere

308 1218 407 1281 veluti
430 1217 566 1300 legitimi
588 1220 802 1299 possessores?
825 1253 869 1262 -
889 1217 927 1279 R.
951 1216 1001 1278 Ad
1027 1217 1086 1278 lum
1111 1214 1255 1298 Negatire.

308 1353 352 1362 —
375 1315 424 1378 Ad
452 1318 511 1378 2⁰¹³
526 1316 745 1391 Investituras,
762 1316 799 1378 de
815 1315 927 1396 quibus
943 1315 975 1378 in
992 1333 1077 1391 casu,
1094 1333 1156 1378 esse
1171 1313 1256 1376 nullas

309 1413 341 1478 in
364 1414 478 1477 radice.
502 1451 547 1459 —-
561 1412 611 1476 Ad
638 1415 699 1476 3um
715 1413 879 1497 Negative,
896 1415 928 1476 et
943 1417 1104 1476 recurrant
1119 1413 1157 1476 ad
1172 1411 1199 1476 S.
1214 1410 1255 1474 Se

308 1509 380 1574 dem
405 1529 460 1593 pro
485 1512 657 1588 sanatione,
677 1512 914 1586 ravalidatione,
938 1509 1156 1576 habilitatione
1177 1512 1205 1573 et
1223 1507 1258 1571 ta-

306 1609 426 1672 onltate
453 1635 468 1665 »
495 1608 540 1690 (S.
565 1607 599 1673 G.
625 1611 687 1673 ΕΕ.
711 1611 745 1672 et
767 1609 847 1685 RR,
873 1610 913 1672 14
939 1608 1004 1670 lan.
1032 1609 1141 1690 1899).

353 1706 428 1768 848.
459 1743 498 1752 -
525 1707 676 1770 «Utrum
699 1707 859 1770 Paroohns
885 1705 940 1782 M,
964 1709 1113 1787 perpetuo
1136 1705 1257 1771 Saecula-

306 1803 436 1879 rizatus,
461 1805 493 1867 et
524 1803 665 1887 legitime
688 1805 720 1867 in
751 1821 858 1866 ennam
892 1803 1069 1866 animarum
1099 1803 1257 1874 institutus,

313 1901 412 1982 possit
435 1903 533 1966 faeere
557 1921 629 1966 snos
652 1903 772 1964 fruetus
795 1900 939 1964 Beneficii
966 1901 1172 1976 Paroehialis3
1193 1899 1259 1964 etin

314 2018 375 2080 qua
398 2001 540 2064 ratione?
556 2037 599 2044 -
614 2001 653 2063 R.
669 1999 866 2063 Affirmative
882 1999 922 2062 ad
941 2000 999 2062 1ΜΠ
1014 2003 1144 2082 partem.
1170 2035 1206 2045 —
1219 1995 1259 2061 Ad

293 2097 384 2169 ,2³¹³
398 2097 459 2160 Pro
484 2097 533 2160 sui
556 2116 692 2180 congrua
716 2097 946 2160 sustentatione
969 2098 1096 2160 tantum
1113 2123 1130 2156 »
1161 2096 1201 2181 (S.
1222 2093 1258 2169 C,

312 2194 353 2256 21
379 2194 468 2258 Febr.
494 2194 606 2281 1899).

358 2293 433 2355 849.
450 2329 493 2339 -
509 2293 564 2356 IV.
583 2293 767 2372 Apostolica
790 2291 885 2356 Sedes
909 2293 1056 2356 libentius
1075 2292 1260 2373 permittitat

312 2388 469 2470 Relipioei
490 2390 677 2454 subveniant
695 2391 884 2470 pareatibus
908 2392 943 2454 ia
961 2393 1142 2454 necessitate
1150 2389 1258 2470 positis,

316 2511 335 2544 ‹
348 2485 485 2551 emanire
508 2509 572 2552 noa
594 2487 701 2551 relicto
719 2513 750 2550 ».
768 2487 878 2570 Sisque
894 2489 1010 2570 absque
1033 2489 1099 2553 ullo
1116 2485 1259 2552 eharitatis

312 2586 345 2648 et
367 2583 472 2649 filialis
496 2587 623 2668 pietatis
639 2587 836 2662 nocumento,
853 2587 1015 2650 innumera
1033 2588 1115 2650 ritae
1131 2586 1259 2650 claustra·

313 2681 353 2745 lis
368 2682 545 2764 spiritualia
563 2683 642 2746 bona
661 2703 716 2746 neo
728 2682 768 2746 ad
781 2685 903 2764 tempus
916 2684 1135 2766 deperduntur.
1148 2679 1259 2747 Constat

313 2797 350 2842 er
372 2779 467 2843 variis
483 2780 722 2862 particularibus
738 2781 868 2844 indultis
884 2781 924 2844 ad
940 2799 1083 2846 normam
1099 2783 1187 2846 istam
1202 2795 1258 2842 oon-

311 2896 419 2942 oessrs.

313 3069 436 3135 ponendi
455 3069 489 3123 de
503 3069 584 3124 bonis
597 3069 725 3138 legitime
740 3085 805 3122 usus
820 3069 869 3123 sit:
896 3073 1036 3138 quatenus
1051 3072 1149 3125 eodem
1162 3065 1258 3121 indultu

311 3157 439 3225 legitime
452 3177 518 3212 nens
531 3177 588 3213 non
601 3158 696 3226 fuerit,
711 3158 880 3212 servandam
893 3176 954 3213 esse
967 3160 1166 3214 resolutionem
1177 3158 1259 3210 datam

311 3243 342 3296 in
361 3244 492 3298 seeundo.
504 3246 548 3298 Ad
562 3247 587 3298 4.
607 3246 672 3300 Non
685 3249 813 3314 spectare
826 3263 918 3313 neque
932 3247 969 3300 ad
982 3245 1166 3316 Religionem,
1184 3255 1260 3310 neque

312 3332 349 3385 ad
369 3333 396 3388 S.
417 3333 446 3388 O.
466 3334 634 3403 Spoliorum,
654 3337 703 3390 sed
722 3337 758 3389 ad
772 3353 835 3391 suos
850 3337 994 3402 haeredes,
1010 3339 1070 3393 sive
1084 3339 1120 3392 ab
1133 3337 1261 3394 intestato,

312 3422 372 3476 sive
391 3440 426 3477 ex
444 3427 617 3480 testamento
642 3426 788 3480 venientes
802 3467 817 3494 „
838 3425 880 3490 (S.
902 3425 932 3480 0.
952 3425 1019 3478 EE.
1039 3435 1065 3482 et
1083 3427 1153 3492 RR,
1172 3429 1188 3480 6
1206 3424 1261 3478 Ian.

312 3514 404 3576 1836).
424 3539 459 3550 -
478 3513 569 3569 Nota:
586 3513 629 3566 Ex
648 3513 743 3568 Consi.
775 3514 867 3582 Officii
885 3519 983 3580 nostri,
1002 3517 1079 3570 bona
1098 3515 1262 3586 llegularinm

312 3605 394 3655 extra
413 3601 544 3658 Claustra
566 3605 761 3659 decedentium
773 3606 917 3674 pertinent
936 3606 972 3660 ad
992 3605 1139 3661 Gameram
1158 3606 1264 3674 Aposto-

312 3689 405 3743 lioam.
