2758 4270
225 279 291 327 cnP.
313 279 334 325 1.
359 279 399 325 DE
423 277 523 326 REBUS
546 277 708 325 noctuslnn
732 277 965 326 TEMPORALIBUS
1025 272 1079 327 349

107 476 179 540 8010
203 477 329 540 tantum
359 475 519 559 legitimae
549 475 763 540 indemnitatis
779 498 797 533 >
825 472 868 556 (8.
893 461 1025 552 Ρο0088.,
1057 477 1076 538 2

106 573 196 655 Sept.
223 572 334 656 1887).
797 600 798 607 1

156 671 254 734 loon.
278 707 323 716 -
347 671 404 733 III.
432 695 450 730 «
466 669 624 754 Obligatio
649 669 783 735 decimas
807 669 946 735 solvendi
978 670 1077 734 adhuc

105 768 259 852 persistit,
283 787 344 832 non
368 768 511 833 obstante
533 767 702 834 abolitione
723 769 828 853 alege
844 769 928 834 civili
944 769 1077 844 decreta,

106 885 181 930 cum
205 866 279 929 haec
302 866 429 930 minime
460 867 583 949 compet
584 885 637 930 eus
668 867 710 930 sit
696 867 772 930 tin
803 866 999 931 decernendis
1028 865 1077 940 iis,

107 983 190 1046 quac
202 962 242 1026 ad
254 963 422 1026 Ecclesiam
436 965 521 1045 spec
522 966 608 1026 ant»
624 963 667 1046 (S.
681 963 812 1039 Poenit.,
830 965 872 1027 20
884 963 965 1028 Nov
981 965 1077 1041 1902,
1164 979 1167 983 ·

107 1062 128 1124 8
154 1061 251 1125 Μο08
278 1061 453 1140 1898).[88
413 1058 559 1124 [880000
576 1060 662 1124 Ρ100.
679 1060 750 1124 Am.
769 1061 837 1125 Lat
814 1063 908 1135 tinae,
927 1063 987 1125 art.
1002 1061 1077 1136 882,

107 1159 188 1233 833,
213 1158 365 1222 decrevit:
394 1157 583 1233 «Decimae,
602 1157 773 1240 praediales
796 1159 861 1222 sive
886 1159 992 1234 reales,
1009 1158 1079 1222 ubi·

106 1275 243 1338 cumque
260 1255 397 1338 legitime
413 1255 581 1340 abrogatae
594 1255 643 1320 vel
657 1257 867 1320 commutatae
879 1275 939 1320 non
953 1255 1078 1330 fuerint,

107 1355 150 1418 ab
175 1353 329 1428 omnibus,
354 1353 406 1434 qui
431 1353 620 1437 obligantur,
644 1354 773 1437 integre,
786 1354 927 1437 legitimo
944 1355 1080 1436 tempore

108 1454 142 1517 et
166 1453 243 1526 loco,
267 1452 354 1515 iuxta
378 1451 526 1532 probatas
550 1451 786 1516 consuetudines
810 1451 1023 1533 particulares,
1041 1451 1080 1515 iis

68 1591 71 1597 ,
108 1551 186 1614 sunt
209 1549 384 1622 solvendae,
409 1549 521 1630 quibus
545 1549 703 1613 debentur.
728 1547 812 1629 Quae
837 1549 986 1633 obligatio
1004 1548 1079 1613 adeo

108 1647 217 1732 gravis
241 1646 298 1722 est,
322 1647 369 1721 ut,
393 1665 429 1709 er
459 1647 525 1710 iure
548 1645 739 1722 Tridentino,
773 1647 827 1729 qui
857 1646 992 1710 decimas
1024 1649 1081 1710 aut

107 1744 301 1822 subtrahunt
320 1746 376 1808 aut
392 1745 575 1825 impediunt,
592 1745 877 1810 excommunicandi
894 1745 965 1820 sint,
983 1763 1081 1826 neque

109 1844 151 1907 ab
175 1842 234 1906 hoc
257 1841 383 1905 crimine
407 1841 596 1919 absolvendi,
621 1843 680 1906 nisi
704 1843 794 1924 plena
812 1843 1010 1906 restitutione
1034 1861 1081 1906 se·
1186 1894 1189 1902 .

108 1941 196 2004 outa.
220 1938 281 2002 Ubi
306 1953 389 2014 vero,
414 1941 544 2003 attentis
568 1940 738 2022 praesentis
762 1939 909 2022 temporis
933 1938 1081 2003 conditio-

108 2037 214 2112 nibus,
245 2035 415 2100 difficultas
445 2037 476 2099 in
509 2037 632 2101 casibus
661 2036 902 2118 particularibus
933 2055 969 2099 er
1000 2035 1082 2099 deci·

110 2153 237 2200 marum
270 2135 424 2198 solutione
460 2135 589 2210 oriatur,
618 2134 659 2198 ad
692 2134 875 2216 Episcopum
905 2135 952 2198 008
983 2153 1081 2198 00000-

109 2231 253 2306 rendum,
278 2233 314 2294 08
338 2231 374 2307 80,
399 2251 452 2314 pro
476 2231 679 2296 facultatibus
703 2249 822 2313 quasa
850 2230 926 2294 Sede
949 2230 1082 2312 Aposto-

109 2331 172 2394 llca
197 2328 377 2404 obtinuerit,
403 2323 572 2414 congruum
598 2328 769 2393 remedium
794 2348 847 2411 per
865 2329 1081 2392 conventiones

109 2425 263 2492 ineundas
286 2427 406 2490 afferat.
425 2465 467 2473 -
482 2427 681 2491 Meminerint
705 2445 825 2508 quoque
841 2425 956 2503 fideles,
973 2423 1026 2507 qui
1042 2425 1081 2490 ad

110 2523 278 2589 solvendas
301 2521 436 2588 decimas
467 2523 643 2606 praediales
669 2542 730 2587 non
760 2524 915 2600 tenentur,
942 2523 1081 2605 ipsorum

112 2621 338 2705 obligationem
363 2621 502 2685 solvendi
533 2621 668 2685 decimas
698 2621 874 2703 personales
897 2640 952 2704 pro
983 2621 1082 2686 suble·

111 2719 224 2784 vandis
232 2719 386 2783 Ecclesiae
401 2720 648 2795 necessitatibus,
662 2720 750 2784 iuxta
765 2737 941 2784 mensuram
958 2720 997 2782 ab
1013 2719 1082 2802 Epi-

112 2817 215 2900 scopis
239 2817 412 2881 stabilitam
437 2817 486 2881 vel
509 2816 739 2894 stabiliendam,
763 2835 799 2881 er
823 2815 983 2898 disciplina
999 2815 1081 2900 apud

113 2933 171 2980 nos
195 2915 319 2998 vigente
342 2933 403 2979 non
426 2933 491 2979 esse
515 2915 673 2978 sublatam
689 2938 720 2976 ».

162 3012 259 3076 1007.
284 3047 327 3058 -
351 3013 545 3078 oblationes.
579 3049 615 3058 -
649 3013 674 3077 1.
699 3009 895 3076 00100000
921 3015 997 3075 suat
1017 3031 1082 3074 00-

114 3131 203 3186 nera,
228 3128 308 3190 quoe
329 3129 350 3172 0
372 3109 518 3190 fidelibus
548 3109 671 3174 Dcoet
692 3107 853 3173 Ecclesiae
875 3112 983 3189 sponte
1012 3107 1081 3188 offe-

115 3229 178 3271 ram
180 3210 310 3270 8.-ον
267 3207 374 3270 -[Ι.
399 3207 482 3270 Aac
457 3206 651 3288 0008008000
675 3227 783 3270 earam
805 3227 881 3270 0000
913 3208 1082 3288 astatque

116 3305 187 3370 ab
178 3324 247 3388 ipsa
270 3303 488 3386 Apostolorum
514 3305 585 3368 aeta
586 3305 724 3386 tterepe
711 3303 895 3368 t.-endus
910 3305 967 3367 [ΙΙ.
982 3303 1082 3370 Nemo

116 3404 224 3469 offerre
247 3403 425 3488 cogebatur,
450 3401 503 3466 sed
526 3403 616 3484 turpe
636 3403 704 3466 erat
720 3420 791 3466 eum
809 3421 870 3466 non
895 3395 1012 3477 offerre,
1030 3403 1083 3512 qui

116 3502 280 3584 posset:e
264 3499 447 3576 etillorum,
465 3517 598 3581 quorum
614 3499 772 3582 praeclara
795 3500 884 3562 erant
907 3517 1035 3563 munera
1050 3500 1082 3563 in

117 3597 299 3673 Ecclesiam,
316 3597 441 3661 nomina
457 3596 578 3678 publice
593 3597 654 3660 reci
656 3597 880 3661 80800800.-
905 3595 960 3660 IV.
976 3595 1084 3680 Neque

118 3715 190 3762 vero
207 3693 350 3760 omnibus
366 3693 472 3758 offerre
487 3693 618 3758 licebat·
588 3693 782 3776 t,quoniam
799 3694 982 3772 oblationes,
1000 3715 1084 3778 prae·
