2758 4270
300 268 352 326 324
577 291 752 340 ammanus
775 291 815 338 nu
838 290 985 338 sansonis

298 488 463 552 consuetae
486 487 637 552 formulae
661 487 842 571 suppressis,
869 486 895 552 si
911 485 1026 562 adsint,
1056 485 1157 550 verbis
1188 485 1262 550 sole-

298 585 462 648 mnitatem
478 584 650 669 (votorum)
663 585 914 668 exprimentibus,
927 583 1093 648 adficiatur
1111 584 1262 649 novitiam

299 700 473 764 nuncupare
497 682 569 746 vota
593 683 757 764 simplicia,
774 683 861 746 iuxta
884 681 1052 746 Decretum
1068 699 1087 744 a
1103 679 1136 744 S.
1149 677 1184 744 O.
1203 681 1262 744 llll.

298 779 329 843 et
344 779 424 856 aa,
441 780 460 842 3
477 779 555 844 Maii
573 781 669 856 1902,
687 779 825 844 editum:
849 779 1069 862 professionem
1093 779 1201 842 autem
1217 797 1262 843 se-

288 876 429 940 cundam
453 877 557 941 emitti
584 897 673 960 posse
703 877 852 959 privatim
875 877 906 940 in
930 875 1023 940 choro
1048 894 1102 939 seu
1126 877 1260 941 oratorio

297 973 441 1038 interiore
463 994 567 1040 coram
590 975 813 1040 communitate
835 975 868 1040 iu
886 993 1003 1037 manus
1026 961 1261 1055 Superiorissae‚

297 1071 421 1152 praevia
444 1073 667 1154 approbatione
690 1071 845 1136 Ordinarii
861 1091 914 1136 seu
934 1071 1073 1135 Praelati
1096 1071 1261 1155 Regularis

297 1168 398 1250 quoad
421 1169 610 1234 Monasteria
637 1171 788 1252 exempta.
813 1169 945 1234 Sancitis
968 1168 1080 1252 igitur:
1103 1168 1136 1231 in
1161 1169 1261 1251 prima

297 1264 484 1347 simplicium
508 1268 653 1331 votorum
676 1263 861 1348 professione
883 1265 980 1329 ritum
1003 1265 1172 1347 receptum,
1191 1285 1262 1349 sup-

297 1364 409 1445 pressis
423 1365 534 1429 solum
547 1365 647 1430 verbis
671 1365 900 1429 solemnitatem
925 1365 1068 1428 votorum
1091 1363 1262 1445 exprimen-

298 1460 391 1538 tibus,
416 1481 481 1527 esse
512 1463 730 1540 adhibendum,
754 1464 847 1544 atque
875 1461 1040 1526 secundam
1075 1461 1261 1526 solemnium

298 1552 442 1623 votorum
466 1561 684 1642 professionem
707 1557 805 1642 posse
818 1559 922 1624 emitti
944 1559 1102 1640 privatim,
1115 1558 1194 1622 haee
1210 1559 1261 1622 du-

297 1655 511 1722 bitatiomihi
533 1660 683 1730 movetur.
702 1695 737 1704 -
759 1660 787 1721 1.
801 1655 887 1721 Sitne
910 1656 1066 1720 Ordinarii
1081 1657 1140 1732 vel,
1158 1657 1260 1738 quoad

235 1755 237 1758 ’
297 1753 486 1819 Monasteria
510 1757 661 1838 exempta,
685 1755 823 1819 Praelati
847 1753 1061 1838 Regularium
1079 1753 1189 1818 audito
1208 1755 1262 1819 Su-

294 1853 475 1934 periorissae
491 1855 574 1928 voto,
592 1853 750 1918 decernere
767 1853 803 1916 ut
819 1851 951 1917 secunda
975 1869 1097 1933 qnoque
1113 1851 1261 1932 professio

294 1949 351 2016 fiat
373 1971 478 2017 coram
507 1951 669 2016 Ordinario
693 1952 742 2016 vel
766 1950 921 2015 Ordinarii
955 1951 1195 2015 commissario?
1217 1987 1259 1996 —

252 2130 254 2134 ι
295 2049 325 2111 2.
350 2047 682 2129 Quodcaeremoniale
705 2049 747 2114 sit
770 2047 978 2114 adhibendum
995 2049 1027 2111 in
1043 2047 1176 2138 secunda
1194 2066 1259 2130 pro

293 2147 433 2223 fossione,
459 2148 485 2212 si
509 2147 656 2230 privatim
680 2166 782 2212 coram
807 2145 1012 2228 Superiorissa
1035 2144 1083 2222 fit,
1115 2145 1259 2228 quodque

294 2244 511 2321 adhibendum,
529 2245 556 2310 si
567 2245 687 2326 publice
700 2244 736 2308 fit
751 2263 855 2309 coram
878 2242 1047 2308 Ordinario'
1059 2243 1164 2307 eiusne
1180 2263 1260 2308 oom-

293 2337 458 2407 missario?
483 2380 522 2388 -
549 2343 578 2406 3.
604 2342 718 2406 Utrum
750 2344 782 2406 et
805 2361 865 2424 quo
891 2341 982 2405 modo
1005 2341 1037 2404 in
1061 2359 1136 2404 casu
1159 2341 1259 2423 poste

292 2441 367 2505 riori
389 2440 576 2504 manendum
592 2445 622 2503 in
639 2440 813 2504 actionibus
829 2439 1022 2522 symbolicis:
1045 2437 1257 2504 benedictione

292 2557 328 2602 ae
350 2537 518 2602 traditione
541 2537 612 2614 veli,
637 2538 753 2614 annuli,
777 2556 918 2614 coronae,
944 2555 1021 2617 quae
1044 2537 1205 2618 hucusque
1226 2537 1256 2600 in

290 2637 354 2700 ritu
377 2637 522 2702 solemnis
545 2635 741 2718 professionis
765 2635 1003 2715 adhibebantun
1017 2635 1049 2697 et
1065 2633 1105 2696 ad
1120 2635 1255 2698 mentem

291 2733 405 2798 decreti
428 2732 600 2814 Perpecse's
625 2737 794 2814 temporam
809 2732 976 2808 adiunctae,
994 2732 1125 2814 posthac
1146 2732 1255 2796 iamin

291 2833 390 2914 prima
414 2832 557 2896 votorum
581 2831 768 2914 simplicium
791 2830 978 2912 professione
1001 2829 1033 2893 in
1056 2849 1117 2894 usu
1144 2831 1256 2894 erunt?

291 2965 334 2990 -ι
357 2929 394 2993 R.
418 2928 467 2992 Ad
492 2929 521 2992 1.
545 2928 752 3004 Affirmative‚
777 2927 946 2992 dummodo
982 2926 1191 3009 Superiorissa
1225 2928 1256 2990 et

291 3027 506 3092 Communitas
538 3027 707 3108 postulent,
732 3027 768 3089 nt
802 3024 967 3107 professio,¹
985 3023 1022 3088 de
1046 3027 1108 3106 qua'
1139 3025 1253 3108 agitur,

289 3125 410 3208 publice
433 3123 498 3188 fiat.
516 3161 559 3170 -
582 3123 641 3188 Ad.
659 3125 689 3187 2.
711 3124 746 3186 In
770 3124 900 3204 utroque
924 3141 999 3186 casu
1022 3122 1171 3186 secundae
1189 3139 1255 3204 pro·

286 3222 427 3288 fessionis
450 3223 618 3304 requiritur
641 3219 869 3297 tantummodo,
893 3221 930 3284 ut
954 3219 1096 3284 Professa
1119 3219 1255 3302 proferat

248 3354 251 3361 ·
287 3319 455 3388 formulam
478 3319 682 3402 professionis,
707 3318 856 3382 adhibitis
894 3317 993 3382 verbis
1024 3315 1251 3382 solemnitatem

288 3419 433 3483 votorum
456 3416 706 3499 exprimentibus.
736 3453 776 3462 -
801 3414 850 3478 Ad
874 3415 905 3478 3.
929 3414 1092 3480 Provisum
1115 3415 1146 3478 in
1170 3412 1205 3476 2⁰
1231 3437 1249 3470 s

289 3514 332 3597 (S.
358 3514 392 3580 O.
416 3513 477 3578 ΕΕ.
501 3515 533 3578 et
555 3513 634 3591 Ra„
662 3513 702 3577 15
727 3513 795 3577 Ian.
822 3511 933 3599 1903).
970 3533 972 3537 ·
