2812 4268
389 281 454 328 cnr.
478 281 521 328 ru.
546 283 585 329 on
609 267 717 330 444444
740 281 974 332 nocnesrnsrrcrs
1119 281 1175 336 445

254 479 350 542 14411.
382 517 416 526 -
441 479 512 543 XII.
537 479 662 562 Semper
677 483 782 546 tamen
806 483 893 563 patet
916 481 1020 546 aditus
1036 482 1075 545 ad
1090 482 1174 564 Apo·

207 576 350 640 4441144444
374 577 503 653 Scdcm3
526 579 558 642 et
573 579 604 642 in
618 597 694 642 casu
710 597 771 662 quo
795 579 922 644 clericus
945 580 1060 660 absque
1084 578 1171 643 suffi-

206 675 299 749 cienti
322 693 358 738 oc
380 675 559 740 rationabili
593 695 686 741 causa
710 695 742 741 se
769 678 827 740 hac
850 695 947 759 poena
980 678 1169 741 mulctatum

206 773 340 854 reputet,
364 793 517 838 recurrere
552 776 668 856 poterit
702 776 741 839 ad
777 775 940 840 Summum
976 774 1170 838 Pontificem.

206 871 335 936 Interim
359 873 463 936 tamen
487 874 648 956 inrigare
682 876 841 956 permanet
864 873 1021 936 decretum
1046 891 1172 954 suspen·

205 970 310 1045 414414,
334 988 432 1050 usquc
448 969 520 1033 dum
539 977 578 1035 ab
593 972 670 1053 ipso
683 971 843 1046 Pontifice,
868 969 916 1034 vel
940 989 958 1032 a
983 970 1076 1034 Sacra
1093 969 1171 1034 Con-

204 1067 396 1150 gregatione,
421 1085 500 1147 quae
522 1067 559 1132 de
575 1087 699 1132 recursu
715 1067 850 1131 iudicare
866 1067 965 1142 debet,
989 1085 1049 1130 non
1073 1067 1172 1132 fuerit

203 1166 377 1240 rescissum,
402 1166 576 1230 autetiam
599 1166 739 1230 moderat
726 1170 804 1228 t.nm

251 1264 407 1326 1441-
438 1263 525 1328 XIII
552 1266 725 1339 Caeterum
739 1283 774 1328 er
791 1282 850 1345 quo
873 1263 1048 1328 istiusmodi
1071 1282 1168 1346 poena

204 1363 252 1425 est
263 1361 431 1425 remedium
445 1363 566 1426 omniuo
581 1361 869 1436 extraordinarium,
887 1360 969 1442 quod
985 1362 1167 1443 praesertim

203 1457 243 1523 ad
256 1459 461 1541 expiationem
474 1459 637 1524 criminum
650 1461 765 1542 absque
781 1461 887 1524 formis
899 1459 1070 1522 indictariis
1082 1459 1166 1523 adhi-

202 1558 293 1621 betur
302 1581 314 1639 3
334 1575 407 1639 prae
431 1558 528 1622 oculis
560 1559 694 1622 habeant
716 1557 864 1633 Praelati‚
888 1557 920 1620 id
944 1557 1024 1638 quod
1050 1557 1166 1638 sapien-

202 1653 321 1718 tissime
334 1655 481 1718 admonet
494 1655 640 1718 Summus
652 1655 793 1718 Pontifex
802 1673 825 1718 4.
838 1675 877 1717 m.
887 1653 1071 1718 Benedictus
1079 1651 1167 1729 XIV,
1186 1679 1195 1694 ·

201 1752 233 1816 in
261 1772 316 1817 suo
341 1753 479 1816 tractatu
514 1753 551 1816 de
585 1753 710 1834 Synodo
749 1751 953 1826 Diocaesarea,
988 1751 1067 1814 libro
1092 1751 1163 1828 XII,

201 1869 226 1912 c.
246 1851 276 1927 8,
293 1870 322 1913 n.
340 1851 377 1926 ὃς
402 1849 483 1931 qnod
507 1851 655 1915 nimirum
670 1849 916 1932 reprehensibilis
939 1848 1019 1912 foret
1043 1847 1168 1930 Episco-

201 1947 312 2029 puasi
335 1947 367 2010 14
391 1967 447 2012 sua
464 1947 586 2030 Synodo
611 1948 791 2022 declararet,
817 1966 848 2011 44
872 1946 1021 2026 deinceps,
1047 1964 1082 2008 44
1105 1945 1166 2027 pri·
1205 2029 1207 2032 ι

201 2046 275 2109 vata
298 2047 422 2109 tantum
454 2045 592 2122 scientia,
617 2065 712 2127 poena
744 2043 951 2128 suspensIonis
974 2042 1166 2107 animadver-

200 2161 307 2206 surum
324 2143 355 2206 in
378 2141 512 2218 clericos,
538 2162 614 2224 quos
629 2143 767 2226 graviter
783 2141 947 2222 deliquisse
970 2142 1167 2226 compererIt,

200 2241 343 2322 quamvis
366 2259 470 2304 eorum
502 2241 650 2304 delictum
681 2260 741 2305 non
772 2241 870 2323 possit
893 2241 925 2304 in
948 2242 1014 2304 foro
1039 2243 1167 2305 externo

199 2339 416 2402 concludenter
431 2339 564 2420 probari,
582 2343 638 2402 aut
653 2339 733 2402 illud
749 2358 807 2403 non
824 2338 966 2420 expediat
982 2339 1013 2403 in
1030 2339 1162 2402 aliorum

199 2438 343 2502 4444141444
368 2437 525 2500 deducere.

1 2630 5 2643 .
117 2523 119 2526 ’
246 2537 342 2598 1442.
366 2573 409 2581 -
433 2537 536 2602 Varia.
561 2573 603 2580 —
635 2535 660 2598 I.
685 2534 865 2600 4144114444
896 2555 959 2598 444
989 2533 1097 2614 differt
1122 2533 1165 2597 ab

199 2633 520 2708 excommunicatione,
545 2633 610 2695 44141
638 2634 759 2696 ratione
790 2633 918 2696 44414444
944 2631 1165 2708 441444441444,

199 2749 277 2814 quae
300 2731 339 2794 ad
371 2729 448 2806 illud
476 2731 738 2812 pronuntiandum
762 2731 948 2812 requiritur:
984 2749 1056 2794 nam
1088 2749 1160 2793 ana-

197 2829 302 2892 thema
326 2829 504 2892 solemniter
527 2828 741 2910 proferendum
772 2833 828 2904 444,
805 2827 996 2894 tadhibitis
1020 2827 1071 2890 det
1073 2828 1165 2890 er'mi·

196 2927 279 2990 natis
292 2927 500 3002 caeremoniis,
513 2928 549 3010 ut
566 2927 710 3016 terrorem
725 2927 857 2990 incutiat
870 2927 953 2990 salut
955 2945 1049 2989 arem.
1063 2923 1159 2988 Pont.

197 3025 352 3088 114444
315 3025 360 3086 444
397 3023 929 3106 4144441.444444.444444.4,106
960 3044 985 3086 c.
1016 3023 1044 3098 1,
1077 3044 1106 3102 q.
1139 3025 1163 3086 3

197 3119 414 3206 ((1.1444441)

242 3221 338 3284 1443.
360 3257 402 3264 -
418 3219 459 3282 II.
477 3221 522 3284 De
538 3219 664 3284 DruidIs
681 3217 802 3284 Galliae
826 3181 966 3284 sacerdot
967 3219 1036 3284 ibus
1052 3221 1161 3284 narrat

196 3315 308 3382 Caesar
332 3317 382 3400 (dc
405 3315 482 3380 bello
509 3315 632 3382 Gulb‘co
648 3317 701 3381 lib.
727 3319 756 3394 6,
781 3337 847 3400 cap.
874 3319 946 3401 13):
982 3342 999 3376 4
1016 3317 1047 3381 Si
1078 3319 1161 3398 quis,

193 3415 304 3496 lnquit,
328 3416 480 3497 privatus,
505 3417 560 3478 aut
584 3416 725 3496 publicus
749 3435 855 3480 eorum
880 3413 1001 3479 decreto
1017 3434 1079 3479 non
1095 3418 1158 3479 ste-

193 3513 277 3587 terit,
298 3511 455 3576 sacrificiis
478 3513 676 3576 interdicunt.
700 3513 785 3576 Haec
808 3532 905 3595 poena
929 3513 1012 3594 apud
1035 3531 1087 3577 eos
1111 3517 1163 3576 est.

192 3610 397 3693 gravissima:
422 3611 533 3691 quibus
556 3611 601 3674 ita
625 3613 672 3674 444
688 3611 899 3684 interdictum,
917 3611 940 3674 ii
954 3629 1081 3674 numero
1098 3610 1156 3673 im-

191 3707 315 3790 piorum
339 3727 374 3770 ac
397 3708 616 3772 sceleratorum
641 3708 803 3782 habentur,
820 3709 859 3771 ils
875 3726 980 3772 omnes
996 3707 1160 3782 decedunt,
