2818 4276
251 243 317 290 cnr.
334 243 377 288 111.
394 243 433 289 DE
450 241 673 289 RELthOh'lBUS
688 241 772 290 noct.
789 242 852 289 CUM
869 242 931 290 SOC.
949 243 1007 290 clv.
1068 241 1119 295 109

146 443 252 516 otent;
277 440 330 505 sed
346 441 545 524 potissimum
564 459 600 505 eo
617 440 758 515 tendunt,
775 442 812 504 ut
827 459 846 503 a
862 441 1017 522 potestate
1032 441 1117 506 civili

144 542 218 606 iura
235 539 389 604 Ecclesiae
405 541 623 625 agnoscantur,
638 540 686 603 vel
699 539 811 603 saltem
828 537 916 603 salua
931 539 974 604 sit
989 527 1118 605 libertas

144 639 385 704 catholicomm.
503 630 509 638 “

192 737 271 800 341.
296 773 340 782 -
363 734 486 804 leuato
508 735 534 798 Ι.
560 735 724 800 Romanus
740 733 891 814 Pontifex
914 739 1016 816 potest
1041 757 1118 801 ocra

146 835 233 898 inire
267 829 470 897 Ooacorduto.
502 832 583 913 Quia
614 835 718 915 potcst
742 833 845 898 omnia
870 851 949 914 quae
973 833 1120 899 ridentur

143 933 321 996 necessaria
344 932 393 995 rel
415 931 508 995 utilia
532 932 611 996 bono
636 931 841 996 Ecclesiarum
865 933 897 995 et
913 931 1068 1006 fidelium;
1086 934 1117 996 et

144 1029 231 1094 nihil
253 1030 354 1112 magis
377 1029 583 1094 necessarium
606 1047 700 1110 quam
725 1029 837 1094 nobilis
860 1029 1023 1094 eoncordia
1046 1048 1117 1094 cum

145 1127 353 1192 societatibus
377 1127 530 1191 civilibus.

193 1226 272 1290 342.
296 1262 340 1272 -
363 1225 404 1290 ΙΙ.
428 1223 564 1302 Errant,
581 1225 636 1305 qui
651 1225 839 1306 impupnuni
864 1226 988 1290 modam
1003 1228 1120 1310 aycndc'

146 1323 244 1388 Rom.
266 1321 434 1402 Pontificio
460 1323 494 1386 in
515 1320 717 1386 Concoroaa's
747 1323 901 1387 incaedua.
919 1322 999 1403 Quia
1023 1345 1120 1389 cuasa

129 1420 412 1506 'Concordatorum
443 1423 491 1486 est
521 1440 645 1485 summa
679 1421 843 1503 prudentia
867 1421 1062 1504 pontificalis,
1087 1425 1120 1488 et

142 1521 229 1599 siais
251 1520 299 1582 est
314 1519 429 1584 bonum
444 1519 596 1602 gencrale.
609 1517 690 1583 Hinc
705 1538 724 1583 a
738 1519 878 1584 ueritatis
891 1521 923 1584 et
938 1516 1121 1602 prudentiae

146 1635 262 1682 norma
285 1616 377 1680 alieni
401 1615 519 1680 dicendi
543 1618 617 1682 sunt
632 1616 680 1680 illi
695 1617 852 1693 catholici,
869 1618 901 1682 iu
917 1617 1056 1683 doctrina
1071 1637 1120 1682 ca·

145 1715 262 1780 nonica
284 1713 369 1778 haud
385 1712 572 1778 sufficienter
587 1713 714 1790 uersati,
730 1714 783 1794 qui
799 1715 959 1797 peroptare
976 1714 1121 1780 videntur

146 1813 321 1896 quamdam
344 1812 569 1894 separationem
593 1811 674 1876 inte1
697 1811 865 1876 Ecclesiam
888 1811 1068 1889 astatum,
1086 1817 1119 1879 et

147 1911 418 1977 Concordatorum
426 1909 691 1974 denuntiationem
700 1910 973 1995 (abrogationem).
983 1911 1118 1990 Etenim,

147 2009 249 2073 etiam
273 2008 463 2091 temporibus
486 2005 641 2084 infaustis,
667 2007 803 2072 Ecclesia
827 2008 972 2073 abhorret
995 2009 1034 2073 ab
1057 2009 1121 2074 ista

147 2106 357 2190 separatione,
381 2107 413 2169 et
436 2124 490 2188 pro
514 2105 630 2169 viribus
654 2107 743 2170 curat
766 2106 936 2170 salutarem
957 2125 1064 2189 pacem
1087 2109 1119 2171 et

147 2204 347 2271 concordiam
369 2203 556 2288 legitimam.
580 2203 724 2279 Aliunde,
752 2203 885 2268 formula
908 2203 1051 2268 Ecclesia
1083 2203 1118 2268 b'·

150 2303 230 2368 berc
245 2303 279 2366 c'a
294 2301 387 2366 Staio
402 2301 499 2364 libero
523 2321 541 2366 a
565 2301 807 2366 Montalembert
834 2303 966 2376 inuecta,
1002 2327 1020 2361 ι
1043 2322 1119 2367 nuu-

148 2419 248 2485 quam
271 2398 332 2462 fuit
347 2398 561 2476 immaculata,
578 2399 629 2464 sed
647 2418 766 2480 semper
781 2399 965 2482 importavit
984 2417 1120 2465 emonem

147 2497 365 2581 separationis,
390 2496 508 2560 scilicet
531 2497 667 2561 Ecclesia
690 2516 708 2560 a
732 2496 835 2572 Statu,
849 2517 928 2579 quae
952 2518 1072 2578 reaper
1087 2518 1120 2562 sc

148 2593 329 2659 arcormoiis
353 2599 407 2672 est,
432 2595 463 2658 et
486 2593 612 2676 proinde
635 2613 694 2658 non
717 2597 820 2676 potest
847 2596 964 2660 assumi
998 2598 1035 2660 ut
1057 2595 1122 2660 for·

148 2693 241 2758 mula
264 2691 406 2756 exhibens
429 2691 606 2776 legitimum
630 2711 826 2776 progressum
851 2718 886 2769 »,
919 2695 965 2758 ait
988 2693 1033 2758 De
1055 2693 1121 2758 An·

149 2791 245 2876 galis.
794 2797 827 2820 ·’

199 2887 275 2951 343.
303 2923 341 2932 -
366 2887 424 2952 Ill.
449 2886 639 2953 Concordata
656 2887 754 2972 igitur
768 2888 828 2952 init
844 2887 980 2952 Ecclesia
997 2889 1035 2954 ob
1052 2908 1121 2973 gra·

148 2985 299 3051 vissimas
322 3003 441 3059 causas,
466 2987 507 3061 et,
532 2985 662 3048 attentis
686 2986 861 3067 temporum
883 2985 1046 3062 adiunctis,
1080 2987 1118 3050 ob

147 3082 303 3148 maiorem
326 3080 479 3146 Ecclesiae
510 3082 694 3146 utilitatem.
730 3081 842 3146 Omnes
871 3101 941 3146 rere
975 3081 1120 3147 catholici

145 3177 280 3244 laudare
303 3179 335 3242 et
357 3177 516 3243 defendero
540 3181 684 3243 tenentur
717 3179 871 3245 Ecclesiae
895 3179 1013 3261 praxim
1037 3180 1119 3244 circa

147 3275 357 3353 Concordata,
382 3275 427 3358 (et
450 3277 530 3341 circa
546 3277 650 3341 omnia
665 3277 752 3360 alia),
770 3278 1005 3360 necquicquam
1022 3277 1122 3341 fidelis

146 3373 368 3458 sapientiorem
382 3376 413 3438 et
424 3374 654 3458 prudentiorem
667 3393 699 3439 se
711 3377 891 3457 praesumat
907 3375 1035 3440 Summo
1051 3373 1120 3440 Ma-

146 3474 263 3560 gistro,
273 3470 422 3536 Pontificc
435 3473 553 3537 scilicet
562 3473 702 3537 Romano
717 3471 832 3538 Christi
841 3474 872 3538 in
881 3472 972 3538 terris
985 3473 1120 3538 Vicario.

198 3570 274 3634 344.
299 3606 344 3618 -
366 3571 422 3634 IV.
455 3567 649 3636 Concordotc
679 3571 859 3651 saepissime
890 3571 1014 3653 quidem
1044 3575 1122 3636 sunt

145 3666 296 3748 infucata
311 3670 422 3750 laipno,
447 3668 547 3734 veluti
569 3687 639 3732 cum
653 3667 746 3732 Pater
761 3669 869 3752 nequit
884 3670 997 3736 habere
1012 3689 1120 3754 pacem
