2758 4270
324 245 378 301 300
603 247 777 296 moranus
800 249 840 295 DE
864 247 1009 295 Pnusonls

320 445 410 528 capto
432 445 562 512 Missam
586 447 732 512 audiendi
754 446 951 511 satisfaciant
973 445 1006 508 in
1029 443 1168 508 Ecclesiis
1181 443 1269 526 Regu·

320 542 452 618 larium;
483 563 520 608 ne
547 545 718 628 Regularss
750 543 980 608 Eucharistiam
1007 541 1199 615 distribuant,
1225 559 1267 604 er·

320 641 409 723 cepto
433 640 482 704 die
505 641 668 710 Pascbali;
691 661 728 706 ns
748 641 920 726 Regularss
943 639 1107 723 approbati
1128 658 1178 720 per
1204 637 1269 700 inte

321 757 412 821 grum
436 757 550 803 anuum
574 740 777 805 confessiones
805 739 902 804 etiam
935 737 1128 802 infirmorum
1156 735 1269 800 audiant

321 835 528 920 (Hugusuiu).

337 1077 414 1142 Aac.
440 1077 477 1141 V.
502 1075 553 1144 lle
576 1078 810 1160 observantia,
834 1078 1065 1146 electionibus
1088 1078 1124 1143 et
1145 1075 1254 1142 rarfls.

367 1295 442 1358 881.
456 1330 497 1341 -
512 1295 718 1362 obseruantia
733 1298 901 1379 reputaris.
913 1334 958 1342 -
969 1297 1048 1360 Prae
1061 1297 1158 1362 oculis
1169 1313 1274 1376 semper

321 1391 456 1457 habeant
479 1411 583 1457 omnes
607 1395 774 1477 regulares,
799 1414 906 1460 eorum
937 1395 1119 1476 praesertim
1148 1392 1273 1456 modera-

320 1494 412 1567 tores,
444 1492 501 1556 hoc
535 1490 665 1556 Consilii
689 1493 862 1558 Tridentini
893 1493 1064 1558 decretum:
1101 1519 1119 1552 «
1134 1491 1271 1572 Quoniam

322 1608 382 1655 uon
405 1590 529 1673 ignorat
552 1589 665 1654 Sancta
689 1591 841 1674 Synodus,
855 1593 1005 1674 quantum
1031 1610 1067 1656 ar
1090 1589 1272 1656 Monasteriis

321 1686 370 1769 pie
394 1687 548 1750 institutis
578 1688 610 1750 et
639 1689 721 1752 recte
753 1689 980 1754 administratis
1008 1689 1039 1752 in
1070 1689 1205 1754 Ecclesia
1226 1685 1272 1749 Dei

322 1783 492 1868 splendoris
523 1786 617 1866 atque
648 1786 799 1852 utilitatis
830 1789 960 1862 oriatur,
985 1787 1192 1851 necessarium
1221 1802 1272 1848 essa

321 1881 451 1958 censuit,
484 1901 543 1964 quo
575 1883 697 1947 facilius
728 1903 763 1948 nc
794 1885 958 1961 maturius,
983 1883 1036 1948 ubi
1067 1884 1202 1966 collapsa
1227 1884 1271 1956 est,
1349 1887 1350 1972 l

321 1981 411 2044 vatus
434 1983 466 2045 at
480 1981 632 2064 regularis
649 1980 810 2064 disciplina
826 1982 1027 2057 instauretur,
1041 1984 1073 2046 et
1084 1981 1271 2054 constantius,

320 2077 375 2141 ubi
397 2080 579 2144 conservata
603 2080 660 2155 est,
684 2081 866 2162 perseveret,
892 2080 1075 2162 praecipere,
1107 2084 1199 2164 prout
1227 2080 1272 2142 hoo

321 2173 442 2240 decreto
466 2177 626 2260 praecipit,
651 2178 688 2240 ut
713 2177 1013 2262 omnesRegulares,
1031 2179 1098 2241 tam
1112 2179 1171 2242 viri
1195 2195 1272 2260 quam

321 2273 475 2350 mulieres,
491 2273 530 2338 ad
546 2274 683 2358 regulae,
697 2293 792 2356 quam
807 2275 937 2357 professi
953 2277 1036 2351 suut,
1053 2278 1271 2359 praescriptum,

321 2371 420 2436 vitam
443 2373 612 2436 instituant
635 2374 666 2436 et
689 2378 892 2456 componant3
917 2375 1010 2454 atquc
1026 2375 1057 2436 in
1074 2375 1192 2456 primis,
1208 2391 1272 2456 quac

320 2465 361 2532 ad
384 2487 457 2534 suae
481 2469 675 2552 professionis
698 2471 926 2551 perfectionem,
943 2473 979 2534 ut
995 2471 1272 2554 obedientiaepau-

320 2567 451 2648 pertatis
474 2569 506 2632 et
528 2567 696 2644 castitatis,
719 2586 755 2632 ac
785 2568 813 2631 si
844 2587 922 2650 quac
955 2568 1018 2632 alia
1050 2571 1125 2632 suut
1157 2569 1271 2633 alicuius

320 2665 445 2749 regulae
468 2667 500 2729 et
522 2659 645 2730 Ordinis
675 2665 844 2748 peculiaria
876 2667 949 2730 vota
980 2669 1012 2730 et
1042 2669 1214 2749 praccepta,
1241 2663 1272 2728 ad

319 2780 427 2827 eornm
450 2765 618 2846 respectiva
641 2765 818 2840 essentiam,
844 2783 958 2828 necnon
973 2763 1013 2828 ad
1029 2783 1220 2830 communem
1234 2764 1271 2828 ui-

320 2861 397 2937 tam,
415 2862 532 2926 victum
555 2861 587 2926 et
611 2862 760 2926 vestitum
777 2861 986 2925 conservanda
1003 2862 1198 2944 pertinentia,
1214 2860 1272 2924 fide·

319 2958 391 3022 liter
415 2959 594 3023 observent:
619 2960 779 3040 omnisque
802 2977 876 3022 cura
899 2961 930 3022 et
954 2959 1118 3044 diligentia
1149 2979 1168 3024 a
1196 2977 1271 3041 supe
1350 2965 1351 3016 l

320 3056 452 3121 rioribus
476 3056 669 3132 adhibeatur,
694 3058 760 3120 tam
788 3056 820 3119 in
844 3055 998 3138 Capitulis
1022 3055 1222 3122 Generalibus
1247 3057 1272 3119 et

321 3152 577 3231 Provincialibus,
591 3173 684 3236 quam
701 3154 733 3218 iu
749 3172 856 3218 eorum
873 3154 1115 3230 visitationibus,
1130 3175 1206 3238 quae
1220 3153 1271 3218 suis
1350 3151 1351 3222 ἶ

320 3251 511 3334 temporibus
536 3253 633 3316 facere
657 3271 717 3316 non
740 3253 1003 3334 praetermittant,
1020 3254 1057 3316 ut
1080 3252 1120 3316 ab
1143 3253 1204 3317 illis
1223 3269 1271 3315 nou

320 3350 514 3413 recedatur»
551 3347 637 3432 (sess.
662 3350 714 3425 25,
740 3368 806 3432 cap.
833 3351 861 3426 l,
886 3350 923 3413 de
946 3349 1127 3437 Hecatam).
1350 3353 1351 3360 ³

366 3445 441 3508 882.
466 3447 491 3508 l.
515 3445 639 3510 Primus
666 3445 697 3510 S.
721 3445 917 3524 Benedictus,
949 3446 1118 3511 mutandae
1148 3443 1270 3530 Reginae

320 3543 478 3608 licentiam
502 3544 647 3620 coercuit,
672 3543 818 3626 adempta
841 3543 1003 3608 Monachis
1033 3544 1178 3608 libertate
1200 3543 1269 3606 dese

320 3639 407 3704 rendi
419 3639 605 3702 Institutum
621 3639 704 3722 quod
719 3640 814 3704 semel
825 3642 1042 3722 susceperant3
1055 3641 1149 3723 atquc
1164 3636 1269 3704 combt
