2812 4268
318 267 382 314 cnP.
407 267 438 314 11.
463 267 503 314 DE
527 267 697 316 Bauaslclls
719 267 953 315 eccnnslnsrlcrs
1065 266 1114 322 371

147 460 281 540 obtinet,
298 467 329 530 et
345 483 504 548 quousque
520 464 678 530 Pontificio
695 465 830 548 provisio
847 466 891 530 sit
903 465 1067 548 oompleia‚
1084 466 1115 534 in

145 583 209 646 quo
237 565 398 627 unanimes
429 565 502 628 6661
532 563 691 628 Doctores.
725 563 850 639 Deinde,
882 563 1049 628 reservatio
1079 563 1117 630 fit
1198 593 1199 596 ¹

149 663 262 735 verbis,
286 661 407 726 affectio
434 679 503 725 vero
527 661 564 724 iit
586 661 669 725 faeto
692 660 863 726 Pontifieis.

196 759 293 822 1095.
319 795 353 809 -
385 759 425 822 11.
451 758 605 822 66666666
637 775 697 822 ven
727 775 949 824 urvosrnrouau
979 777 1116 826 666666

148 873 315 921 6066166616
338 856 442 919 reddit
466 855 646 935 beneficium
670 855 824 935 affectum,
849 878 918 920 oum
940 857 979 938 fit
1008 857 1116 922 vetua-
1211 893 1213 895 ·

151 957 214 1016 tato
236 952 319 1014 iilud
339 953 541 1016 reservandi:
565 955 602 1017 ut
624 954 651 1018 61
673 954 816 1018 Pontifex
839 954 977 1020 beneficii
1004 974 1117 1020 renun-

148 1052 314 1115 tiationem
337 1052 369 1114 in
392 1051 456 1116 suis
480 1051 623 1116 manibus
640 1037 761 1116 'saetam
786 1053 942 1134 aooeptet;
959 1055 986 1118 si
1009 1072 1115 1136 quem·

148 1169 245 1231 quam
269 1149 414 1215 beneficio
439 1151 555 1232 privet:
579 1151 605 1214 si
629 1149 810 1214 beneficium
825 1152 973 1216 concedat
988 1152 1020 1216 in
1035 1171 1116 1216 eom-

151 1249 305 1325 mendum,
330 1251 386 1312 avrt
408 1249 440 1311 in
463 1247 784 1322 administrationem
808 1250 835 1312 si
858 1249 956 1314 eidem
988 1249 1116 1332 deputet

147 1347 361 1410 coadiutorem
386 1364 455 1408 oum
481 1346 586 1409 futura
610 1346 808 1422 successione,
826 1347 858 1408 et
873 1346 1035 1410 ooadintor
1050 1366 1116 1411 eoa·

148 1443 238 1508 diuto
261 1445 346 1525 prius
369 1443 539 1515 morietur;
564 1442 590 1507 si
614 1442 673 1506 duo
696 1441 842 1506 beneficia
866 1443 906 1508 ad
922 1443 1053 1510 alieuius
1069 1445 1115 1508 vi·

147 1543 216 1604 tam
240 1541 426 1625 coniungam
451 1541 483 1603 et
506 1541 537 1604 in
561 1528 630 1604 aliis
655 1539 809 1604 similibus
832 1541 965 1604 casibus.

197 1639 292 1702 1096.
317 1675 360 1684 -
384 1637 441 1699 111.
470 1635 549 1701 Cum
577 1635 729 1716 Pontifex
760 1638 794 1700 tn
827 1637 972 1718 beneficio
1002 1659 1116 1704 manus

146 1737 303 1817 apposuit,
319 1757 382 1800 oon
404 1736 448 1798 ed
470 1733 611 1813 effectum
626 1736 689 1800 siti
704 1736 788 1800 ettad
801 1738 992 1813 reservandi,
1009 1737 1065 1802 sed
1074 1738 1118 1801 ad

145 1834 248 1898 alium
270 1836 375 1915 finem,
400 1853 428 1896 v.
443 1854 472 1918 g.
497 1834 537 1898 ad
561 1834 761 1898 auferendum
785 1854 839 1917 per
854 1835 1115 1916 dispensationem

148 1932 277 2014 aliquod
292 1931 558 2014 impedimentum,
575 1931 615 1994 ad
630 1931 846 1996 reservandam
863 1933 1050 2014 pensionem,
1066 1933 1116 1998 vel

147 2030 190 2093 ad
213 2029 435 2094 instituendam
452 2031 631 2111 perpetuam
650 2029 780 2092 duorum
796 2029 1012 2094 beneficiorum
1029 2031 1116 2095 unio·

148 2145 229 2204 nem,
253 2125 344 2190 666116
366 2131 413 2190 661
433 2125 565 2205 affectio,
591 2127 663 2208 quia
687 2145 747 2190 non
771 2128 944 2192 materialis
963 2147 1120 2193 manuum·

146 2225 303 2307 appositio
327 2225 429 2289 reddit
451 2223 632 2288 beneficium
655 2224 810 2301 affectum,
828 2225 880 2290 sed
900 2225 956 2290 1116
979 2228 1114 2303 tantum,

147 2342 227 2409 quae
250 2323 287 2386 fit
310 2325 413 2387 animo
437 2323 495 2386 sibi
519 2322 705 2400 reservandi,
730 2325 761 2386 61
792 2325 899 2404 postea
929 2323 1114 2403 conferendi,

146 2435 219 2484 eum
232 2421 313 2484 aetio
326 2421 459 2502 nequeat
475 2421 640 2501 produoere
657 2421 799 2484 effoetum
816 2422 900 2486 ultra
912 2422 1112 2488 intentionem

150 2519 315 2602 operantis.
344 2555 381 2564 -
407 2517 441 2581 C.
466 2518 600 2592 Ferrum,
626 2518 700 2593 503,
726 2520 801 2582 504.
916 2543 917 2548 ¹

196 2616 291 2680 1097.
306 2653 348 2662 -
361 2615 414 2678 IV.
428 2615 558 2679 Affectio
571 2615 715 2680 Beneficii
727 2618 775 2680 est
787 2617 891 2697 potior
906 2617 1113 2682 reservatione

148 2713 301 2797 generali3
318 2731 389 2795 ergo
401 2713 525 2776 sublata
538 2713 746 2776 reservatione
762 2714 899 2796 generali
914 2732 974 2779 non
990 2714 1114 2778 tollitur
1210 2777 1211 2780 ,

148 2811 270 2874 affectio
294 2809 438 2894 (Soglia).
1199 2804 1205 2818 '

195 2908 291 2971 1098.
307 2943 346 2954 ·-
362 2908 534 2972 Devotutio.
550 2943 590 2952 -
603 2906 628 2970 1.
653 2907 728 2971 Iure
743 2906 948 2970 devotationis
959 2906 1113 2987 Pontifee

123 3004 296 3094 'beneficia
319 3003 447 3083 confert,
472 3024 540 3067 eum
564 3005 651 3066 iutra
676 3007 794 3082 tempus
816 3025 837 3066 a
860 3003 927 3084 depe
948 3004 1112 3084 definitum

145 3123 209 3167 oron
232 3101 361 3181 fuerunt
378 3122 437 3181 per
465 3099 670 3164 ordinarium
694 3102 855 3183 (scientem
878 3100 927 3166 eet
947 3101 1111 3186 uolentem)

145 3200 270 3277 6611616,
295 3205 351 3263 out
372 3198 501 3278 fuerunt
530 3198 610 3262 mule
642 3198 766 3274 colluto,
792 3199 874 3281 quod
907 3199 1113 3264 constitutum

144 3300 203 3374 est,
228 3317 265 3361 ne
289 3298 399 3362 diuma
420 3297 638 3362 beneficiorum
663 3297 785 3361 vaeatio
810 3297 932 3380 propter
955 3297 1114 3382 negligen-

145 3397 225 3461 tiam
256 3398 311 3460 aut
341 3397 465 3478 eulpam
498 3395 714 3459 Praedatorum
737 3395 881 3460 Euolesiis
911 3394 1114 3477 preiudieium

144 3492 265 3558 afferat.

193 3593 288 3656 1099.
314 3629 357 3642 -
380 3593 421 3656 11.
445 3592 575 3656 Tauros
597 3608 618 3654 6
641 3607 714 3655 mna
739 3607 922 3654 6666616666
945 3593 991 3653 est
1018 3591 1114 3658 trium

144 3689 308 3766 omnnium,
332 3691 358 3755 si
382 3689 418 3752 de
441 3687 628 3771 praelaturis
652 3687 860 3780 Eoolesiarum
876 3687 1112 3764 eathedralium,
