<?xml version="1.0" encoding="UTF-8"?>
<!DOCTYPE html PUBLIC "-//W3C//DTD XHTML 1.0 Transitional//EN"
    "http://www.w3.org/TR/xhtml1/DTD/xhtml1-transitional.dtd">
<html xmlns="http://www.w3.org/1999/xhtml" xml:lang="en" lang="en">
 <head>
  <title>
</title>
<meta http-equiv="Content-Type" content="text/html;charset=utf-8" />
  <meta name='ocr-system' content='tesseract 3.04.00' />
  <meta name='ocr-capabilities' content='ocr_page ocr_carea ocr_par ocr_line ocrx_word'/>
</head>
<body>
  <div class='ocr_page' id='page_1' title='image "./compendiumiuris00tutgoog_0165.png"; bbox 0 0 2818 4276; ppageno 0'>
   <div class='ocr_carea' id='block_1_1' title="bbox 309 217 1146 283">
    <p class='ocr_par' dir='ltr' id='par_1_1' title="bbox 309 217 1146 283">
     <span class='ocr_line' id='line_1_1' title="bbox 309 217 1146 283; baseline -0.004 0"><span class='ocrx_word' id='word_1_1' title='bbox 309 227 359 283; x_wconf 78' lang='lat'><em>156</em></span> <span class='ocrx_word' id='word_1_2' title='bbox 437 231 611 279; x_wconf 63' lang='lat' dir='ltr'><em>eusenius</em></span> <span class='ocrx_word' id='word_1_3' title='bbox 634 232 673 278; x_wconf 86' lang='lat' dir='ltr'><em>na</em></span> <span class='ocrx_word' id='word_1_4' title='bbox 697 217 888 280; x_wconf 79' lang='lat' dir='ltr'><em>ninanacnn</em></span> <span class='ocrx_word' id='word_1_5' title='bbox 909 233 1146 282; x_wconf 79' lang='lat' dir='ltr'><em>iuersniorronrs</em></span> 
     </span>
    </p>
   </div>
   <div class='ocr_carea' id='block_1_2' title="bbox 301 429 1276 904">
    <p class='ocr_par' dir='ltr' id='par_1_2' title="bbox 301 429 1276 904">
     <span class='ocr_line' id='line_1_2' title="bbox 350 429 1276 512; baseline 0 -18"><span class='ocrx_word' id='word_1_6' title='bbox 350 431 425 494; x_wconf 80' lang='lat'>457.</span> <span class='ocrx_word' id='word_1_7' title='bbox 449 468 494 476; x_wconf 95' lang='lat'><strong>—</strong></span> <span class='ocrx_word' id='word_1_8' title='bbox 517 431 557 493; x_wconf 88' lang='lat' dir='ltr'><em>Il.</em></span> <span class='ocrx_word' id='word_1_9' title='bbox 581 430 699 496; x_wconf 76' lang='lat' dir='ltr'><em>Lnsnsl</em></span> <span class='ocrx_word' id='word_1_10' title='bbox 714 450 734 496; x_wconf 76' lang='lat' dir='ltr'><em>a</em></span> <span class='ocrx_word' id='word_1_11' title='bbox 750 449 868 496; x_wconf 74' lang='lat' dir='ltr'><em>tannae</em></span> <span class='ocrx_word' id='word_1_12' title='bbox 885 437 959 496; x_wconf 83' lang='lat' dir='ltr'><em>snnt</em></span> <span class='ocrx_word' id='word_1_13' title='bbox 978 429 1180 508; x_wconf 77' lang='lat' dir='ltr'><em>Cordinotes,</em></span> <span class='ocrx_word' id='word_1_14' title='bbox 1198 451 1276 512; x_wconf 82' lang='lat' dir='ltr'><em>qnos</em></span> 
     </span>
     <span class='ocr_line' id='line_1_3' title="bbox 305 527 1275 608; baseline -0.003 -14"><span class='ocrx_word' id='word_1_15' title='bbox 305 529 396 594; x_wconf 80' lang='lat' dir='ltr'><em>Roin.</em></span> <span class='ocrx_word' id='word_1_16' title='bbox 421 527 573 608; x_wconf 74' lang='lat' dir='ltr'><em>Pontifex</em></span> <span class='ocrx_word' id='word_1_17' title='bbox 590 531 682 608; x_wconf 79' lang='lat' dir='ltr'><em>qnasi</em></span> <span class='ocrx_word' id='word_1_18' title='bbox 697 550 735 598; x_wconf 82' lang='lat' dir='ltr'><em>en</em></span> <span class='ocrx_word' id='word_1_19' title='bbox 757 549 813 594; x_wconf 81' lang='lat' dir='ltr'><em>sno</em></span> <span class='ocrx_word' id='word_1_20' title='bbox 830 529 975 594; x_wconf 80' lang='lat' dir='ltr'><em>diinissos</em></span> <span class='ocrx_word' id='word_1_21' title='bbox 991 529 1100 607; x_wconf 85' lang='lat' dir='ltr'><em>tatere,</em></span> <span class='ocrx_word' id='word_1_22' title='bbox 1125 532 1180 593; x_wconf 88' lang='lat' dir='ltr'><em>cni</em></span> <span class='ocrx_word' id='word_1_23' title='bbox 1194 551 1275 594; x_wconf 82' lang='lat' dir='ltr'><em>seon·</em></span> 
     </span>
     <span class='ocr_line' id='line_1_4' title="bbox 301 625 1273 708; baseline 0.001 -18"><span class='ocrx_word' id='word_1_24' title='bbox 301 646 360 706; x_wconf 88' lang='lat' dir='ltr'><em>per</em></span> <span class='ocrx_word' id='word_1_25' title='bbox 383 625 552 689; x_wconf 79' lang='lat' dir='ltr'><em>adhaerere</em></span> <span class='ocrx_word' id='word_1_26' title='bbox 575 631 749 702; x_wconf 81' lang='lat' dir='ltr'><em>censentur,</em></span> <span class='ocrx_word' id='word_1_27' title='bbox 773 631 830 690; x_wconf 89' lang='lat' dir='ltr'><em>ont</em></span> <span class='ocrx_word' id='word_1_28' title='bbox 852 628 896 690; x_wconf 81' lang='lat' dir='ltr'><em>uit</em></span> <span class='ocrx_word' id='word_1_29' title='bbox 916 647 1078 707; x_wconf 85' lang='lat' dir='ltr'><em>snprenios</em></span> <span class='ocrx_word' id='word_1_30' title='bbox 1096 628 1273 708; x_wconf 77' lang='lat' dir='ltr'><em>principes,</em></span> 
     </span>
     <span class='ocr_line' id='line_1_5' title="bbox 304 722 1274 803; baseline 0.002 -17"><span class='ocrx_word' id='word_1_31' title='bbox 304 729 362 786; x_wconf 89' lang='lat' dir='ltr'><em>ont</em></span> <span class='ocrx_word' id='word_1_32' title='bbox 383 723 418 785; x_wconf 94' lang='lat' dir='ltr'><em>in</em></span> <span class='ocrx_word' id='word_1_33' title='bbox 440 722 571 786; x_wconf 83' lang='lat' dir='ltr'><em>ditionis</em></span> <span class='ocrx_word' id='word_1_34' title='bbox 587 722 825 788; x_wconf 82' lang='lat' dir='ltr'><em>Eootesiostieoe</em></span> <span class='ocrx_word' id='word_1_35' title='bbox 838 725 1019 803; x_wconf 82' lang='lat' dir='ltr'><em>provinciae</em></span> <span class='ocrx_word' id='word_1_36' title='bbox 1041 725 1149 787; x_wconf 86' lang='lat' dir='ltr'><em>mittit.</em></span> <span class='ocrx_word' id='word_1_37' title='bbox 1179 725 1274 788; x_wconf 73' lang='lat'>101]-</span> 
     </span>
     <span class='ocr_line' id='line_1_6' title="bbox 305 819 1276 904; baseline -0.001 -19"><span class='ocrx_word' id='word_1_38' title='bbox 305 821 416 885; x_wconf 90' lang='lat' dir='ltr'><em>tuntur</em></span> <span class='ocrx_word' id='word_1_39' title='bbox 437 819 626 902; x_wconf 83' lang='lat' dir='ltr'><em>Apostolicis</em></span> <span class='ocrx_word' id='word_1_40' title='bbox 649 821 821 904; x_wconf 85' lang='lat' dir='ltr'><em>insignibus</em></span> <span class='ocrx_word' id='word_1_41' title='bbox 844 823 876 885; x_wconf 92' lang='lat' dir='ltr'><em>et</em></span> <span class='ocrx_word' id='word_1_42' title='bbox 898 822 1092 904; x_wconf 89' lang='lat' dir='ltr'><em>amplissima</em></span> <span class='ocrx_word' id='word_1_43' title='bbox 1123 823 1276 886; x_wconf 85' lang='lat' dir='ltr'><em>fruuntur</em></span> 
     </span>
    </p>
   </div>
   <div class='ocr_carea' id='block_1_3' title="bbox 305 917 1275 1588">
    <p class='ocr_par' dir='ltr' id='par_1_3' title="bbox 305 917 1275 1588">
     <span class='ocr_line' id='line_1_7' title="bbox 305 917 1275 1004; baseline 0.001 -22"><span class='ocrx_word' id='word_1_44' title='bbox 305 919 470 1002; x_wconf 74' lang='lat' dir='ltr'>potestate.</span> <span class='ocrx_word' id='word_1_45' title='bbox 489 919 523 980; x_wconf 85' lang='lat'><em>2⁰</em></span> <span class='ocrx_word' id='word_1_46' title='bbox 539 917 618 999; x_wconf 92' lang='lat' dir='ltr'><em>lpsis</em></span> <span class='ocrx_word' id='word_1_47' title='bbox 641 919 864 1000; x_wconf 90' lang='lat' dir='ltr'><em>praesentibus,</em></span> <span class='ocrx_word' id='word_1_48' title='bbox 881 919 1011 983; x_wconf 90' lang='lat' dir='ltr'><em>alterius</em></span> <span class='ocrx_word' id='word_1_49' title='bbox 1026 919 1139 1004; x_wconf 77' lang='lat' dir='ltr'><em>Legati</em></span> <span class='ocrx_word' id='word_1_50' title='bbox 1164 923 1275 984; x_wconf 87' lang='lat' dir='ltr'><em>aucto·</em></span> 
     </span>
     <span class='ocr_line' id='line_1_8' title="bbox 305 1015 1275 1098; baseline 0.002 -20"><span class='ocrx_word' id='word_1_51' title='bbox 305 1016 384 1079; x_wconf 88' lang='lat' dir='ltr'><em>ritas</em></span> <span class='ocrx_word' id='word_1_52' title='bbox 407 1017 516 1079; x_wconf 86' lang='lat' dir='ltr'><em>cessat.</em></span> <span class='ocrx_word' id='word_1_53' title='bbox 541 1016 577 1077; x_wconf 89' lang='lat'><em>3⁰</em></span> <span class='ocrx_word' id='word_1_54' title='bbox 594 1015 719 1098; x_wconf 90' lang='lat' dir='ltr'><em>Legatis</em></span> <span class='ocrx_word' id='word_1_55' title='bbox 735 1035 753 1078; x_wconf 89' lang='lat' dir='ltr'><em>a</em></span> <span class='ocrx_word' id='word_1_56' title='bbox 769 1016 880 1080; x_wconf 83' lang='lat' dir='ltr'>Latere</span> <span class='ocrx_word' id='word_1_57' title='bbox 903 1017 1127 1098; x_wconf 74' lang='lat' dir='ltr'><em>praesentibus</em></span> <span class='ocrx_word' id='word_1_58' title='bbox 1145 1017 1275 1082; x_wconf 85' lang='lat' dir='ltr'><em>Archia-</em></span> 
     </span>
     <span class='ocr_line' id='line_1_9' title="bbox 305 1113 1228 1195; baseline 0.001 -19"><span class='ocrx_word' id='word_1_59' title='bbox 305 1113 448 1195; x_wconf 90' lang='lat' dir='ltr'><em>piscopus</em></span> <span class='ocrx_word' id='word_1_60' title='bbox 472 1116 503 1176; x_wconf 90' lang='lat' dir='ltr'><em>et</em></span> <span class='ocrx_word' id='word_1_61' title='bbox 526 1113 707 1176; x_wconf 86' lang='lat' dir='ltr'><em>Patriarcha</em></span> <span class='ocrx_word' id='word_1_62' title='bbox 731 1115 887 1194; x_wconf 90' lang='lat' dir='ltr'><em>nequeunt</em></span> <span class='ocrx_word' id='word_1_63' title='bbox 909 1115 1061 1195; x_wconf 84' lang='lat' dir='ltr'><em>praeferre</em></span> <span class='ocrx_word' id='word_1_64' title='bbox 1084 1113 1228 1179; x_wconf 80' lang='lat' dir='ltr'><em>Crucem.</em></span> 
     </span>
     <span class='ocr_line' id='line_1_10' title="bbox 351 1208 1274 1275; baseline 0.003 -3"><span class='ocrx_word' id='word_1_65' title='bbox 351 1210 426 1272; x_wconf 85' lang='lat'>458.</span> <span class='ocrx_word' id='word_1_66' title='bbox 452 1247 495 1256; x_wconf 91' lang='lat'>-</span> <span class='ocrx_word' id='word_1_67' title='bbox 519 1208 577 1272; x_wconf 84' lang='grc' dir='ltr'><strong>ΙΙΙ.</strong></span> <span class='ocrx_word' id='word_1_68' title='bbox 595 1209 712 1274; x_wconf 76' lang='lat' dir='ltr'><em>Laelii</em></span> <span class='ocrx_word' id='word_1_69' title='bbox 727 1227 807 1274; x_wconf 75' lang='lat' dir='ltr'><em>nisa</em></span> <span class='ocrx_word' id='word_1_70' title='bbox 823 1213 887 1275; x_wconf 92' lang='lat' dir='ltr'><em>sive</em></span> <span class='ocrx_word' id='word_1_71' title='bbox 903 1211 931 1274; x_wconf 93' lang='lat' dir='ltr'>N</span> <span class='ocrx_word' id='word_1_72' title='bbox 936 1229 1019 1274; x_wconf 82' lang='lat' dir='ltr'><em>unrn</em></span> <span class='ocrx_word' id='word_1_73' title='bbox 1034 1232 1054 1274; x_wconf 90' lang='lat' dir='ltr'><em>o</em></span> <span class='ocrx_word' id='word_1_74' title='bbox 1070 1211 1165 1275; x_wconf 84' lang='lat' dir='ltr'><em>Rom.</em></span> <span class='ocrx_word' id='word_1_75' title='bbox 1183 1212 1274 1275; x_wconf 90' lang='lat' dir='ltr'><em>Pon·</em></span> 
     </span>
     <span class='ocr_line' id='line_1_11' title="bbox 308 1308 1274 1390; baseline 0.002 -19"><span class='ocrx_word' id='word_1_76' title='bbox 308 1310 389 1390; x_wconf 67' lang='lat' dir='ltr'><em>tipice</em></span> <span class='ocrx_word' id='word_1_77' title='bbox 412 1310 581 1372; x_wconf 79' lang='lat' dir='ltr'><em>inittnntnr</em></span> <span class='ocrx_word' id='word_1_78' title='bbox 603 1308 647 1370; x_wconf 79' lang='lat' dir='ltr'><em>nit</em></span> <span class='ocrx_word' id='word_1_79' title='bbox 668 1308 838 1388; x_wconf 75' lang='lat' dir='ltr'><em>Principes</em></span> <span class='ocrx_word' id='word_1_80' title='bbox 861 1311 947 1372; x_wconf 90' lang='lat' dir='ltr'><em>etin</em></span> <span class='ocrx_word' id='word_1_81' title='bbox 970 1309 1045 1373; x_wconf 85' lang='lat' dir='ltr'><em>tocie</em></span> <span class='ocrx_word' id='word_1_82' title='bbox 1061 1311 1131 1373; x_wconf 83' lang='lat' dir='ltr'><em>¹sioe</em></span> <span class='ocrx_word' id='word_1_83' title='bbox 1163 1311 1274 1390; x_wconf 78' lang='lat' dir='ltr'><em>repnte</em></span> 
     </span>
     <span class='ocr_line' id='line_1_12' title="bbox 309 1405 1273 1488; baseline 0 -18"><span class='ocrx_word' id='word_1_84' title='bbox 309 1405 475 1488; x_wconf 83' lang='lat' dir='ltr'><em>tepotionis</em></span> <span class='ocrx_word' id='word_1_85' title='bbox 499 1405 697 1486; x_wconf 70' lang='lat' dir='ltr'><em>pontilicione</em></span> <span class='ocrx_word' id='word_1_86' title='bbox 727 1408 974 1471; x_wconf 80' lang='lat' dir='ltr'><em>iurisdietionem</em></span> <span class='ocrx_word' id='word_1_87' title='bbox 1005 1408 1174 1487; x_wconf 87' lang='lat' dir='ltr'><em>enptieont.</em></span> <span class='ocrx_word' id='word_1_88' title='bbox 1203 1408 1273 1472; x_wconf 89' lang='lat' dir='ltr'><em>Non</em></span> 
     </span>
     <span class='ocr_line' id='line_1_13' title="bbox 308 1502 1273 1588; baseline -0.001 -19"><span class='ocrx_word' id='word_1_89' title='bbox 308 1506 381 1569; x_wconf 88' lang='lat' dir='ltr'><em>sunt</em></span> <span class='ocrx_word' id='word_1_90' title='bbox 405 1503 594 1568; x_wconf 82' lang='lat' dir='ltr'><em>Cardinales.</em></span> <span class='ocrx_word' id='word_1_91' title='bbox 626 1502 805 1576; x_wconf 78' lang='lat' dir='ltr'><em>Cardinales</em></span> <span class='ocrx_word' id='word_1_92' title='bbox 835 1506 921 1581; x_wconf 86' lang='lat' dir='ltr'><em>facti,</em></span> <span class='ocrx_word' id='word_1_93' title='bbox 946 1525 1035 1588; x_wconf 83' lang='lat' dir='ltr'><em>saepe</em></span> <span class='ocrx_word' id='word_1_94' title='bbox 1066 1525 1120 1587; x_wconf 87' lang='lat' dir='ltr'><em>per</em></span> <span class='ocrx_word' id='word_1_95' title='bbox 1144 1504 1273 1586; x_wconf 83' lang='lat' dir='ltr'><em>aliquod</em></span> 
     </span>
    </p>
   </div>
   <div class='ocr_carea' id='block_1_4' title="bbox 306 1599 1273 1773">
    <p class='ocr_par' dir='ltr' id='par_1_4' title="bbox 306 1599 1273 1773">
     <span class='ocr_line' id='line_1_14' title="bbox 306 1599 1271 1686; baseline -0.004 -20"><span class='ocrx_word' id='word_1_96' title='bbox 306 1603 430 1684; x_wconf 89' lang='lat' dir='ltr'><em>tempus</em></span> <span class='ocrx_word' id='word_1_97' title='bbox 446 1602 661 1666; x_wconf 86' lang='lat' dir='ltr'><em>nuntiaturam</em></span> <span class='ocrx_word' id='word_1_98' title='bbox 677 1603 790 1686; x_wconf 90' lang='lat' dir='ltr'><em>regunt</em></span> <span class='ocrx_word' id='word_1_99' title='bbox 805 1621 875 1665; x_wconf 87' lang='lat' dir='ltr'><em>cum</em></span> <span class='ocrx_word' id='word_1_100' title='bbox 894 1603 997 1666; x_wconf 89' lang='lat' dir='ltr'><em>titulo</em></span> <span class='ocrx_word' id='word_1_101' title='bbox 1022 1601 1227 1666; x_wconf 82' lang='lat' dir='ltr'><em>Pro-Nuntii</em></span> <span class='ocrx_word' id='word_1_102' title='bbox 1250 1599 1271 1662; x_wconf 92' lang='lat'><em>¹.</em></span> 
     </span>
     <span class='ocr_line' id='line_1_15' title="bbox 353 1690 1273 1773; baseline 0 -20"><span class='ocrx_word' id='word_1_103' title='bbox 353 1692 428 1754; x_wconf 83' lang='grc'>459.</span> <span class='ocrx_word' id='word_1_104' title='bbox 452 1728 497 1736; x_wconf 88' lang='lat'><em>-</em></span> <span class='ocrx_word' id='word_1_105' title='bbox 520 1691 574 1753; x_wconf 88' lang='lat' dir='ltr'><em>lV.</em></span> <span class='ocrx_word' id='word_1_106' title='bbox 599 1690 716 1756; x_wconf 78' lang='lat' dir='ltr'><em>Laelii</em></span> <span class='ocrx_word' id='word_1_107' title='bbox 738 1709 811 1754; x_wconf 77' lang='lat' dir='ltr'><em>neu</em></span> <span class='ocrx_word' id='word_1_108' title='bbox 832 1695 907 1754; x_wconf 82' lang='lat' dir='ltr'><em>ennt</em></span> <span class='ocrx_word' id='word_1_109' title='bbox 936 1690 997 1768; x_wconf 86' lang='lat' dir='ltr'><em>itti,</em></span> <span class='ocrx_word' id='word_1_110' title='bbox 1021 1693 1078 1772; x_wconf 76' lang='lat' dir='ltr'><em>qni</em></span> <span class='ocrx_word' id='word_1_111' title='bbox 1105 1691 1273 1773; x_wconf 80' lang='lat' dir='ltr'><em>tepotionis</em></span> 
     </span>
    </p>
   </div>
   <div class='ocr_carea' id='block_1_5' title="bbox 307 1788 1273 2066">
    <p class='ocr_par' dir='ltr' id='par_1_5' title="bbox 307 1788 1273 2066">
     <span class='ocr_line' id='line_1_16' title="bbox 308 1788 1273 1880; baseline 0 -28"><span class='ocrx_word' id='word_1_112' title='bbox 308 1809 422 1852; x_wconf 81' lang='lat' dir='ltr'><em>nonne</em></span> <span class='ocrx_word' id='word_1_113' title='bbox 448 1789 597 1868; x_wconf 85' lang='lat' dir='ltr'><em>propriae</em></span> <span class='ocrx_word' id='word_1_114' title='bbox 626 1788 778 1869; x_wconf 81' lang='lat' dir='ltr'><em>etipnitoti</em></span> <span class='ocrx_word' id='word_1_115' title='bbox 806 1789 993 1880; x_wconf 78' lang='lat' dir='ltr'><em>odiccnctnni</em></span> <span class='ocrx_word' id='word_1_116' title='bbox 1019 1788 1143 1853; x_wconf 79' lang='lat' dir='ltr'><em>tutent.</em></span> <span class='ocrx_word' id='word_1_117' title='bbox 1169 1790 1273 1852; x_wconf 72' lang='lat' dir='ltr'><em>Tenes</em></span> 
     </span>
     <span class='ocr_line' id='line_1_17' title="bbox 308 1885 1273 1969; baseline -0.003 -18"><span class='ocrx_word' id='word_1_118' title='bbox 308 1886 451 1969; x_wconf 81' lang='lat' dir='ltr'><em>Episcopi</em></span> <span class='ocrx_word' id='word_1_119' title='bbox 476 1885 707 1950; x_wconf 74' lang='lat' dir='ltr'><em>Cantuaiensis</em></span> <span class='ocrx_word' id='word_1_120' title='bbox 730 1887 761 1950; x_wconf 92' lang='lat' dir='ltr'><em>et</em></span> <span class='ocrx_word' id='word_1_121' title='bbox 783 1885 984 1950; x_wconf 83' lang='lat' dir='ltr'><em>Eboracensis</em></span> <span class='ocrx_word' id='word_1_122' title='bbox 1006 1887 1042 1949; x_wconf 91' lang='lat' dir='ltr'><em>in</em></span> <span class='ocrx_word' id='word_1_123' title='bbox 1065 1885 1202 1966; x_wconf 82' lang='lat' dir='ltr'><em>Anptio,</em></span> <span class='ocrx_word' id='word_1_124' title='bbox 1217 1887 1273 1948; x_wconf 84' lang='lat' dir='ltr'><em>lte</em></span> 
     </span>
     <span class='ocr_line' id='line_1_18' title="bbox 307 1981 1272 2066; baseline -0.002 -18"><span class='ocrx_word' id='word_1_125' title='bbox 307 1985 430 2061; x_wconf 87' lang='lat' dir='ltr'><em>mensis,</em></span> <span class='ocrx_word' id='word_1_126' title='bbox 455 1983 657 2047; x_wconf 88' lang='lat' dir='ltr'><em>Bituricensis</em></span> <span class='ocrx_word' id='word_1_127' title='bbox 680 1983 712 2046; x_wconf 92' lang='lat' dir='ltr'><em>et</em></span> <span class='ocrx_word' id='word_1_128' title='bbox 734 1981 949 2066; x_wconf 84' lang='lat' dir='ltr'><em>Lugdunensis</em></span> <span class='ocrx_word' id='word_1_129' title='bbox 971 1985 1006 2046; x_wconf 90' lang='lat' dir='ltr'><em>in</em></span> <span class='ocrx_word' id='word_1_130' title='bbox 1034 1982 1157 2060; x_wconf 75' lang='lat' dir='ltr'><em>Gellio,</em></span> <span class='ocrx_word' id='word_1_131' title='bbox 1180 1984 1272 2046; x_wconf 84' lang='lat' dir='ltr'><em>Tole-</em></span> 
     </span>
    </p>
   </div>
   <div class='ocr_carea' id='block_1_6' title="bbox 294 2223 1273 3632">
    <p class='ocr_par' dir='ltr' id='par_1_6' title="bbox 307 2223 1272 2830">
     <span class='ocr_line' id='line_1_19' title="bbox 309 2223 1269 2294; baseline -0.002 -14"><span class='ocrx_word' id='word_1_132' title='bbox 309 2225 423 2280; x_wconf 80' lang='lat' dir='ltr'><em>rnenieis</em></span> <span class='ocrx_word' id='word_1_133' title='bbox 444 2225 590 2280; x_wconf 78' lang='lat' dir='ltr'><em>Consiliis:</em></span> <span class='ocrx_word' id='word_1_134' title='bbox 614 2224 624 2248; x_wconf 68' lang='lat'>⁸</span> <span class='ocrx_word' id='word_1_135' title='bbox 642 2223 710 2278; x_wconf 85' lang='lat' dir='ltr'><em>Cum</em></span> <span class='ocrx_word' id='word_1_136' title='bbox 730 2223 805 2278; x_wconf 88' lang='lat' dir='ltr'><em>enim</em></span> <span class='ocrx_word' id='word_1_137' title='bbox 825 2228 940 2292; x_wconf 85' lang='lat' dir='ltr'><em>propter</em></span> <span class='ocrx_word' id='word_1_138' title='bbox 958 2241 1075 2278; x_wconf 86' lang='lat' dir='ltr'><em>cansam</em></span> <span class='ocrx_word' id='word_1_139' title='bbox 1093 2225 1167 2289; x_wconf 90' lang='lat' dir='ltr'><em>fidei,</em></span> <span class='ocrx_word' id='word_1_140' title='bbox 1186 2243 1269 2294; x_wconf 87' lang='lat' dir='ltr'><em>qnam</em></span> 
     </span>
     <span class='ocr_line' id='line_1_20' title="bbox 308 2314 1272 2384; baseline 0 -16"><span class='ocrx_word' id='word_1_141' title='bbox 308 2315 448 2384; x_wconf 83' lang='lat' dir='ltr'><em>Eutyches</em></span> <span class='ocrx_word' id='word_1_142' title='bbox 468 2315 632 2384; x_wconf 86' lang='lat' dir='ltr'><em>perturbare</em></span> <span class='ocrx_word' id='word_1_143' title='bbox 652 2315 783 2379; x_wconf 88' lang='lat' dir='ltr'><em>tentavit,</em></span> <span class='ocrx_word' id='word_1_144' title='bbox 804 2315 838 2368; x_wconf 90' lang='lat' dir='ltr'><em>de</em></span> <span class='ocrx_word' id='word_1_145' title='bbox 858 2315 947 2368; x_wconf 84' lang='lat' dir='ltr'><em>latere</em></span> <span class='ocrx_word' id='word_1_146' title='bbox 966 2331 1028 2368; x_wconf 91' lang='lat' dir='ltr'><em>meo</em></span> <span class='ocrx_word' id='word_1_147' title='bbox 1048 2315 1201 2379; x_wconf 84' lang='lat' dir='ltr'><em>mitterem,</em></span> <span class='ocrx_word' id='word_1_148' title='bbox 1222 2314 1272 2384; x_wconf 89' lang='lat' dir='ltr'><em>qui</em></span> 
     </span>
     <span class='ocr_line' id='line_1_21' title="bbox 307 2396 1271 2472; baseline 0 -14"><span class='ocrx_word' id='word_1_149' title='bbox 307 2405 465 2459; x_wconf 88' lang='lat' dir='ltr'><em>defensioni</em></span> <span class='ocrx_word' id='word_1_150' title='bbox 487 2403 615 2459; x_wconf 84' lang='lat' dir='ltr'><em>veritatis</em></span> <span class='ocrx_word' id='word_1_151' title='bbox 636 2403 802 2458; x_wconf 83' lang='lat' dir='ltr'><em>assisterent</em></span> <span class='ocrx_word' id='word_1_152' title='bbox 820 2422 846 2468; x_wconf 92' lang='lat'><em>,:</em></span> <span class='ocrx_word' id='word_1_153' title='bbox 867 2403 893 2456; x_wconf 83' lang='lat' dir='ltr'><em>S.</em></span> <span class='ocrx_word' id='word_1_154' title='bbox 914 2403 968 2458; x_wconf 91' lang='lat' dir='ltr'><em>Leo</em></span> <span class='ocrx_word' id='word_1_155' title='bbox 989 2404 1075 2470; x_wconf 87' lang='lat' dir='ltr'><em>Papa,</em></span> <span class='ocrx_word' id='word_1_156' title='bbox 1090 2396 1172 2472; x_wconf 81' lang='lat' dir='ltr'><em>epist.</em></span> <span class='ocrx_word' id='word_1_157' title='bbox 1189 2406 1222 2458; x_wconf 83' lang='lat'><em>14</em></span> <span class='ocrx_word' id='word_1_158' title='bbox 1236 2405 1271 2458; x_wconf 83' lang='lat' dir='ltr'><em>ed</em></span> 
     </span>
     <span class='ocr_line' id='line_1_22' title="bbox 307 2493 1270 2563; baseline -0.002 -15"><span class='ocrx_word' id='word_1_159' title='bbox 307 2495 401 2548; x_wconf 78' lang='lat' dir='ltr'><em>Faust.</em></span> <span class='ocrx_word' id='word_1_160' title='bbox 423 2494 477 2548; x_wconf 85' lang='lat' dir='ltr'><em>Sed</em></span> <span class='ocrx_word' id='word_1_161' title='bbox 496 2493 525 2546; x_wconf 91' lang='lat' dir='ltr'><em>in</em></span> <span class='ocrx_word' id='word_1_162' title='bbox 545 2494 638 2562; x_wconf 82' lang='lat' dir='ltr'><em>rigore</em></span> <span class='ocrx_word' id='word_1_163' title='bbox 657 2493 757 2563; x_wconf 85' lang='lat' dir='ltr'><em>Legati</em></span> <span class='ocrx_word' id='word_1_164' title='bbox 776 2511 793 2548; x_wconf 85' lang='lat' dir='ltr'><em>o</em></span> <span class='ocrx_word' id='word_1_165' title='bbox 814 2495 899 2547; x_wconf 83' lang='lat' dir='ltr'><em>latere</em></span> <span class='ocrx_word' id='word_1_166' title='bbox 918 2493 961 2546; x_wconf 89' lang='lat' dir='ltr'><em>illi</em></span> <span class='ocrx_word' id='word_1_167' title='bbox 990 2497 1103 2547; x_wconf 78' lang='lat' dir='ltr'><em>tantuin</em></span> <span class='ocrx_word' id='word_1_168' title='bbox 1131 2494 1270 2553; x_wconf 80' lang='lat' dir='ltr'><em>dicuntur,</em></span> 
     </span>
     <span class='ocr_line' id='line_1_23' title="bbox 307 2583 1270 2652; baseline -0.001 -15"><span class='ocrx_word' id='word_1_169' title='bbox 307 2583 354 2652; x_wconf 88' lang='lat' dir='ltr'><em>qui</em></span> <span class='ocrx_word' id='word_1_170' title='bbox 375 2601 393 2636; x_wconf 84' lang='lat' dir='ltr'><em>a</em></span> <span class='ocrx_word' id='word_1_171' title='bbox 412 2585 501 2638; x_wconf 87' lang='lat' dir='ltr'><em>latere</em></span> <span class='ocrx_word' id='word_1_172' title='bbox 522 2583 665 2637; x_wconf 87' lang='lat' dir='ltr'><em>Pontificis</em></span> <span class='ocrx_word' id='word_1_173' title='bbox 685 2583 856 2636; x_wconf 84' lang='lat' dir='ltr'><em>solemnibus</em></span> <span class='ocrx_word' id='word_1_174' title='bbox 874 2583 1058 2636; x_wconf 86' lang='lat' dir='ltr'><em>caeremoniis</em></span> <span class='ocrx_word' id='word_1_175' title='bbox 1079 2586 1220 2646; x_wconf 85' lang='lat' dir='ltr'><em>creantur,</em></span> <span class='ocrx_word' id='word_1_176' title='bbox 1242 2586 1270 2636; x_wconf 91' lang='lat' dir='ltr'><em>et</em></span> 
     </span>
     <span class='ocr_line' id='line_1_24' title="bbox 308 2671 1269 2741; baseline -0.002 -15"><span class='ocrx_word' id='word_1_177' title='bbox 308 2691 358 2741; x_wconf 91' lang='lat' dir='ltr'><em>pro</em></span> <span class='ocrx_word' id='word_1_178' title='bbox 378 2673 473 2740; x_wconf 90' lang='lat' dir='ltr'><em>aliquo</em></span> <span class='ocrx_word' id='word_1_179' title='bbox 493 2673 606 2740; x_wconf 91' lang='lat' dir='ltr'><em>publico</em></span> <span class='ocrx_word' id='word_1_180' title='bbox 626 2671 850 2726; x_wconf 74' lang='lat' dir='ltr'><em>Christianitatis</em></span> <span class='ocrx_word' id='word_1_181' title='bbox 871 2672 985 2738; x_wconf 82' lang='lat' dir='ltr'><em>negotio</em></span> <span class='ocrx_word' id='word_1_182' title='bbox 999 2673 1036 2726; x_wconf 87' lang='lat' dir='ltr'><em>ad</em></span> <span class='ocrx_word' id='word_1_183' title='bbox 1049 2673 1141 2741; x_wconf 87' lang='lat' dir='ltr'><em>Reges</em></span> <span class='ocrx_word' id='word_1_184' title='bbox 1156 2672 1269 2726; x_wconf 87' lang='lat' dir='ltr'><em>mittun-</em></span> 
     </span>
     <span class='ocr_line' id='line_1_25' title="bbox 307 2761 917 2830; baseline -0.005 -13"><span class='ocrx_word' id='word_1_185' title='bbox 307 2765 354 2817; x_wconf 87' lang='lat' dir='ltr'><em>tur</em></span> <span class='ocrx_word' id='word_1_186' title='bbox 373 2763 480 2824; x_wconf 75' lang='lat' dir='ltr'><em>(Macri,</em></span> <span class='ocrx_word' id='word_1_187' title='bbox 501 2763 709 2822; x_wconf 85' lang='lat' dir='ltr'><em>Hieroteaieon,</em></span> <span class='ocrx_word' id='word_1_188' title='bbox 730 2781 754 2814; x_wconf 91' lang='lat' dir='ltr'><em>v.</em></span> <span class='ocrx_word' id='word_1_189' title='bbox 774 2761 917 2830; x_wconf 81' lang='lat' dir='ltr'><em>Lepotns).</em></span> 
     </span>
    </p>

    <p class='ocr_par' dir='ltr' id='par_1_7' title="bbox 294 2851 1273 3632">
     <span class='ocr_line' id='line_1_26' title="bbox 351 2851 1269 2922; baseline -0.001 -15"><span class='ocrx_word' id='word_1_190' title='bbox 351 2851 362 2888; x_wconf 85' lang='lat'>¹</span> <span class='ocrx_word' id='word_1_191' title='bbox 384 2853 394 2876; x_wconf 67' lang='lat'>²</span> <span class='ocrx_word' id='word_1_192' title='bbox 413 2854 463 2908; x_wconf 91' lang='lat' dir='ltr'><em>Isti</em></span> <span class='ocrx_word' id='word_1_193' title='bbox 483 2854 596 2922; x_wconf 91' lang='lat' dir='ltr'><em>quidem</em></span> <span class='ocrx_word' id='word_1_194' title='bbox 616 2853 717 2907; x_wconf 87' lang='lat' dir='ltr'><em>Nuntii</em></span> <span class='ocrx_word' id='word_1_195' title='bbox 736 2853 891 2906; x_wconf 88' lang='lat' dir='ltr'><em>residentes</em></span> <span class='ocrx_word' id='word_1_196' title='bbox 912 2852 1101 2906; x_wconf 86' lang='lat' dir='ltr'><em>Cardinalitia</em></span> <span class='ocrx_word' id='word_1_197' title='bbox 1129 2852 1269 2922; x_wconf 83' lang='lat' dir='ltr'><em>dignitate</em></span> 
     </span>
     <span class='ocr_line' id='line_1_27' title="bbox 306 2941 1270 3010; baseline -0.003 -12"><span class='ocrx_word' id='word_1_198' title='bbox 306 2962 362 2998; x_wconf 91' lang='lat' dir='ltr'><em>non</em></span> <span class='ocrx_word' id='word_1_199' title='bbox 384 2947 449 2996; x_wconf 87' lang='lat' dir='ltr'><em>sunt</em></span> <span class='ocrx_word' id='word_1_200' title='bbox 469 2943 647 2997; x_wconf 87' lang='lat' dir='ltr'><em>condecorati</em></span> <span class='ocrx_word' id='word_1_201' title='bbox 668 2941 735 3010; x_wconf 85' lang='lat' dir='ltr'><em>(nisi</em></span> <span class='ocrx_word' id='word_1_202' title='bbox 754 2942 885 2996; x_wconf 86' lang='lat' dir='ltr'><em>extraord</em></span> <span class='ocrx_word' id='word_1_203' title='bbox 898 2942 977 2996; x_wconf 82' lang='lat' dir='ltr'><em>narie</em></span> <span class='ocrx_word' id='word_1_204' title='bbox 1007 2941 1043 2994; x_wconf 87' lang='lat' dir='ltr'><em>ad</em></span> <span class='ocrx_word' id='word_1_205' title='bbox 1068 2945 1182 3010; x_wconf 87' lang='lat' dir='ltr'><em>tempus</em></span> <span class='ocrx_word' id='word_1_206' title='bbox 1209 2941 1270 2995; x_wconf 89' lang='lat' dir='ltr'><em>Pro·</em></span> 
     </span>
     <span class='ocr_line' id='line_1_28' title="bbox 308 3029 1269 3099; baseline -0.004 -13"><span class='ocrx_word' id='word_1_207' title='bbox 308 3033 409 3087; x_wconf 89' lang='lat' dir='ltr'><em>Nuntii</em></span> <span class='ocrx_word' id='word_1_208' title='bbox 429 3033 522 3085; x_wconf 88' lang='lat' dir='ltr'><em>locum</em></span> <span class='ocrx_word' id='word_1_209' title='bbox 540 3029 678 3094; x_wconf 86' lang='lat' dir='ltr'><em>teneant),</em></span> <span class='ocrx_word' id='word_1_210' title='bbox 699 3030 747 3084; x_wconf 89' lang='lat' dir='ltr'><em>sed</em></span> <span class='ocrx_word' id='word_1_211' title='bbox 766 3030 930 3084; x_wconf 87' lang='lat' dir='ltr'><em>charactere</em></span> <span class='ocrx_word' id='word_1_212' title='bbox 958 3030 1123 3098; x_wconf 81' lang='lat' dir='ltr'><em>Episcopali</em></span> <span class='ocrx_word' id='word_1_213' title='bbox 1151 3029 1269 3099; x_wconf 78' lang='lat' dir='ltr'><em>fulgent,</em></span> 
     </span>
     <span class='ocr_line' id='line_1_29' title="bbox 294 3114 1270 3189; baseline -0.008 -13"><span class='ocrx_word' id='word_1_214' title='bbox 294 3125 337 3183; x_wconf 68' lang='lat' dir='ltr'><em>,et</em></span> <span class='ocrx_word' id='word_1_215' title='bbox 357 3120 510 3189; x_wconf 85' lang='lat' dir='ltr'><em>aliquando</em></span> <span class='ocrx_word' id='word_1_216' title='bbox 530 3120 683 3172; x_wconf 87' lang='lat' dir='ltr'><em>mittuntur</em></span> <span class='ocrx_word' id='word_1_217' title='bbox 701 3135 763 3173; x_wconf 82' lang='lat' dir='ltr'><em>enne</em></span> <span class='ocrx_word' id='word_1_218' title='bbox 780 3125 915 3184; x_wconf 83' lang='lat' dir='ltr'><em>potestate</em></span> <span class='ocrx_word' id='word_1_219' title='bbox 933 3117 1035 3187; x_wconf 73' lang='lat' dir='ltr'><em>Legati</em></span> <span class='ocrx_word' id='word_1_220' title='bbox 1053 3135 1072 3172; x_wconf 90' lang='lat' dir='ltr'><em>o</em></span> <span class='ocrx_word' id='word_1_221' title='bbox 1099 3119 1194 3172; x_wconf 84' lang='lat' dir='ltr'><em>tatere.</em></span> <span class='ocrx_word' id='word_1_222' title='bbox 1220 3114 1270 3170; x_wconf 86' lang='lat' dir='ltr'><em>Sed</em></span> 
     </span>
     <span class='ocr_line' id='line_1_30' title="bbox 306 3207 1271 3278; baseline -0.008 -13"><span class='ocrx_word' id='word_1_223' title='bbox 306 3212 336 3265; x_wconf 91' lang='lat' dir='ltr'><em>in</em></span> <span class='ocrx_word' id='word_1_224' title='bbox 355 3212 408 3264; x_wconf 85' lang='lat' dir='ltr'><em>hoc</em></span> <span class='ocrx_word' id='word_1_225' title='bbox 428 3226 494 3264; x_wconf 87' lang='lat' dir='ltr'><em>casu</em></span> <span class='ocrx_word' id='word_1_226' title='bbox 514 3209 589 3278; x_wconf 87' lang='lat' dir='ltr'><em>quod</em></span> <span class='ocrx_word' id='word_1_227' title='bbox 607 3211 650 3262; x_wconf 91' lang='lat' dir='ltr'><em>est</em></span> <span class='ocrx_word' id='word_1_228' title='bbox 669 3207 782 3276; x_wconf 84' lang='lat' dir='ltr'><em>Legatis</em></span> <span class='ocrx_word' id='word_1_229' title='bbox 802 3225 820 3260; x_wconf 88' lang='lat' dir='ltr'><em>a</em></span> <span class='ocrx_word' id='word_1_230' title='bbox 834 3208 920 3261; x_wconf 83' lang='lat' dir='ltr'><em>tatere</em></span> <span class='ocrx_word' id='word_1_231' title='bbox 939 3207 1062 3274; x_wconf 84' lang='lat' dir='ltr'><em>speciale</em></span> <span class='ocrx_word' id='word_1_232' title='bbox 1075 3225 1133 3260; x_wconf 90' lang='lat' dir='ltr'><em>non</em></span> <span class='ocrx_word' id='word_1_233' title='bbox 1147 3207 1225 3261; x_wconf 90' lang='lat' dir='ltr'><em>venit</em></span> <span class='ocrx_word' id='word_1_234' title='bbox 1240 3221 1271 3260; x_wconf 81' lang='lat' dir='ltr'><em>ex</em></span> 
     </span>
     <span class='ocr_line' id='line_1_31' title="bbox 307 3294 1272 3368; baseline -0.008 -14"><span class='ocrx_word' id='word_1_235' title='bbox 307 3315 368 3368; x_wconf 83' lang='lat' dir='ltr'><em>cop.</em></span> <span class='ocrx_word' id='word_1_236' title='bbox 389 3300 458 3365; x_wconf 85' lang='lat' dir='ltr'><em>1,n.</em></span> <span class='ocrx_word' id='word_1_237' title='bbox 479 3299 548 3352; x_wconf 83' lang='lat' dir='ltr'><em>tin</em></span> <span class='ocrx_word' id='word_1_238' title='bbox 574 3296 622 3362; x_wconf 85' lang='lat' dir='ltr'><em>VI,</em></span> <span class='ocrx_word' id='word_1_239' title='bbox 648 3295 703 3349; x_wconf 90' lang='lat' dir='ltr'><em>nisi</em></span> <span class='ocrx_word' id='word_1_240' title='bbox 727 3295 757 3349; x_wconf 90' lang='lat' dir='ltr'><em>in</em></span> <span class='ocrx_word' id='word_1_241' title='bbox 785 3295 890 3350; x_wconf 89' lang='lat' dir='ltr'><em>litteris</em></span> <span class='ocrx_word' id='word_1_242' title='bbox 919 3295 948 3348; x_wconf 91' lang='lat' dir='ltr'><em>id</em></span> <span class='ocrx_word' id='word_1_243' title='bbox 978 3294 1066 3349; x_wconf 87' lang='lat' dir='ltr'><em>fuerit</em></span> <span class='ocrx_word' id='word_1_244' title='bbox 1093 3295 1272 3363; x_wconf 88' lang='lat' dir='ltr'><em>peculiariter</em></span> 
     </span>
     <span class='ocr_line' id='line_1_32' title="bbox 308 3385 1272 3456; baseline -0.006 -14"><span class='ocrx_word' id='word_1_245' title='bbox 308 3404 479 3456; x_wconf 83' lang='lat' dir='ltr'><em>expressum.</em></span> <span class='ocrx_word' id='word_1_246' title='bbox 499 3387 562 3441; x_wconf 91' lang='lat' dir='ltr'><em>Uno</em></span> <span class='ocrx_word' id='word_1_247' title='bbox 582 3386 666 3440; x_wconf 88' lang='lat' dir='ltr'><em>verbo</em></span> <span class='ocrx_word' id='word_1_248' title='bbox 687 3385 723 3438; x_wconf 87' lang='lat' dir='ltr'><em>ad</em></span> <span class='ocrx_word' id='word_1_249' title='bbox 742 3385 929 3439; x_wconf 85' lang='lat' dir='ltr'><em>dimetiendas</em></span> <span class='ocrx_word' id='word_1_250' title='bbox 956 3385 1075 3439; x_wconf 88' lang='lat' dir='ltr'><em>istorum</em></span> <span class='ocrx_word' id='word_1_251' title='bbox 1103 3385 1130 3437; x_wconf 91' lang='lat' dir='ltr'>N</span> <span class='ocrx_word' id='word_1_252' title='bbox 1134 3385 1272 3439; x_wconf 88' lang='lat' dir='ltr'><em>untiorum</em></span> 
     </span>
     <span class='ocr_line' id='line_1_33' title="bbox 308 3471 1273 3542; baseline -0.004 -12"><span class='ocrx_word' id='word_1_253' title='bbox 308 3477 470 3541; x_wconf 76' lang='lat' dir='ltr'><em>facultates,</em></span> <span class='ocrx_word' id='word_1_254' title='bbox 484 3493 597 3530; x_wconf 88' lang='lat' dir='ltr'><em>necesse</em></span> <span class='ocrx_word' id='word_1_255' title='bbox 608 3479 652 3530; x_wconf 88' lang='lat' dir='ltr'><em>est</em></span> <span class='ocrx_word' id='word_1_256' title='bbox 661 3473 783 3529; x_wconf 86' lang='lat' dir='ltr'><em>Litteras</em></span> <span class='ocrx_word' id='word_1_257' title='bbox 795 3473 1108 3542; x_wconf 63' lang='lat' dir='ltr'><em>Minionis-expendere</em></span> <span class='ocrx_word' id='word_1_258' title='bbox 1124 3515 1144 3538; x_wconf 87' lang='lat'><em>,.</em></span> <span class='ocrx_word' id='word_1_259' title='bbox 1157 3471 1211 3541; x_wconf 86' lang='lat' dir='ltr'><em>(De</em></span> <span class='ocrx_word' id='word_1_260' title='bbox 1221 3474 1273 3526; x_wconf 85' lang='lat' dir='ltr'><em>An-</em></span> 
     </span>
     <span class='ocr_line' id='line_1_34' title="bbox 307 3565 1059 3632; baseline -0.005 -12"><span class='ocrx_word' id='word_1_261' title='bbox 307 3565 400 3632; x_wconf 83' lang='lat' dir='ltr'><em>gelis).</em></span> <span class='ocrx_word' id='word_1_262' title='bbox 1057 3583 1059 3586; x_wconf 93' lang='lat'>·</span> 
     </span>
    </p>
   </div>
   <div class='ocr_carea' id='block_1_7' title="bbox 0 0 1414 4276">
    <p class='ocr_par' dir='ltr' id='par_1_8' title="bbox 0 0 1414 4276">
     <span class='ocr_line' id='line_1_35' title="bbox 0 0 1414 4276; baseline 0 0"><span class='ocrx_word' id='word_1_263' title='bbox 0 0 1414 4276; x_wconf 95' lang='lat' dir='ltr'><em> </em></span> 
     </span>
    </p>
   </div>
  </div>
 </body>
</html>
