2750 4270
269 241 334 290 GAP.
359 243 399 288 IV.
425 243 464 288 DE
481 243 647 289 Pnaumnls
663 243 881 289 INEERIORIBUS
1006 239 1054 292 193

925 333 1052 340 .....—..

92 440 168 502 tium
180 441 265 504 intra
281 441 368 522 septa
385 441 517 506 alicuius
533 441 696 514 Ecclesiae,
711 441 902 514 monasterii,
916 459 969 504 seu
986 459 1056 504 con·

94 539 200 602 ventus
223 558 293 604 oum
318 539 442 621 passiva
466 540 658 622 exemptione
686 559 704 603 a
740 539 952 603 iurisdictione
988 539 1057 620 Epi·

94 634 183 716 scopi.
201 633 362 699 Eiusmodi
375 638 449 699 sunt
466 635 649 714 Superiores
664 633 851 715 Repulures,
869 639 897 697 el
910 631 1057 698 nonnulli

94 730 240 796 Proclelr'
262 733 448 809 saeculares,
470 733 523 816 qui
548 753 609 796 nna
625 752 696 796 eum
713 731 867 796 Ecclesiae
879 731 1007 808 clericis,
1024 733 1056 796 et

94 828 291 907 administris,
316 831 427 912 quibus
450 831 681 913 praeficiuntur,
714 831 847 894 subsunt
876 830 1056 894 immediate

95 924 217 994 Summo
247 927 399 992 Pontifici.
436 931 586 996 secunda
620 931 735 1011 speeies
770 931 817 992 est
840 927 1055 992 Praelatomm

95 1023 271 1091 habentium
306 1027 550 1092 iurisdictionem
586 1029 722 1092 activam
755 1027 786 1090 in
810 1025 925 1089 elemm
949 1028 981 1090 et
1004 1045 1056 1108 po-

95 1123 198 1203 pulum
221 1126 298 1188 certi
321 1126 392 1198 loci,
417 1126 470 1206 qui
494 1127 599 1190 tamen
623 1125 710 1189 locus
733 1125 781 1188 est
804 1125 887 1188 intra
915 1123 1055 1206 Episcopi

95 1218 263 1290 dioecesim.
288 1242 348 1304 qua
374 1222 508 1304 undique
531 1223 812 1296 circumscribitum
829 1223 861 1284 et
876 1221 1055 1286 huiusmodi

96 1315 225 1384 Praelati
257 1322 424 1402 improprie
456 1323 591 1397 tantum,
623 1323 656 1384 et
685 1321 752 1384 lato
776 1319 911 1400 quodam
935 1317 1055 1408 dicendi

26 1407 27 1410 ’
97 1416 193 1492 modo,
217 1417 363 1481 dicuntur
387 1437 451 1482 esse
475 1417 626 1482 Nunnlus.
645 1419 750 1484 Tertia
771 1418 886 1499 species
902 1418 950 1480 est
965 1417 1056 1482 Prae

96 1511 236 1591 latorum,
261 1515 314 1596 qni
337 1515 582 1580 iurisdietionem
606 1516 742 1579 activam
759 1515 874 1579 habent
890 1515 921 1578 in
938 1514 1054 1578 clerum

97 1611 125 1672 et
145 1613 293 1694 populum
316 1613 449 1678 alicuius
472 1614 541 1690 loci,
565 1632 619 1678 seu
643 1614 755 1695 oppidi,
780 1615 837 1677 ant
860 1613 995 1695 plurium
1011 1613 1056 1677 lo·

98 1726 206 1787 comm,
229 1715 286 1776 eut
309 1712 503 1794 oppidomm,
529 1731 607 1792 quae
630 1712 753 1774 omuino
777 1711 886 1774 avolsa
910 1712 942 1774 et
965 1729 1054 1794 sepa-

98 1807 162 1871 rata
184 1811 256 1872 sunt
278 1828 297 1872 a
321 1810 487 1873 cuiuslibet
510 1809 650 1890 Episcopi
684 1808 836 1872 dioecesi:
870 1810 1056 1890 quapropter

100 1901 235 1969 dicuntur
268 1907 455 1970 constituere
490 1905 657 1988 quamdam
690 1907 975 1987 quasi-dleeccslm,
1001 1907 1054 1970 ubi

100 1998 263 2079 Praelatus,
287 2004 326 2067 iis
350 2005 492 2088 exceptis,
519 2023 597 2086 qnae
628 2003 742 2068 ordinis
766 2005 947 2085 episcopalis
971 2005 1054 2082 sunt,

101 2101 196 2164 omnia
218 2103 345 2176 exercet,
371 2121 448 2182 quae
472 2102 669 2182 caeteroquin
686 2101 726 2164 ed
743 2101 945 2182 episcopalem
963 2101 1054 2164 iuris-

101 2193 256 2262 dictionem
281 2189 478 2280 pertinerent.
504 2199 613 2262 Halae
642 2199 766 2279 perieris
791 2195 948 2270 Proelulr',
972 2199 1055 2260 later

101 2291 255 2370 inferiores
277 2293 467 2358 nobilissimi
488 2299 572 2371 soret,
605 2295 750 2358 dicuntur
775 2311 854 2370 vere,
878 2295 910 2356 et
933 2293 1055 2376 proprie

101 2386 239 2466 Nunnius,
264 2395 295 2456 et
318 2393 400 2456 reris
423 2394 669 2457 annumerentur
685 2391 857 2456 Ondineriis
878 2391 1016 2456 locorum
1033 2416 1051 2451 »

27 2537 29 2542 .
102 2485 154 2566 (lle
176 2490 285 2572 Synod.
313 2491 342 2566 l,
368 2492 397 2565 2,
421 2510 446 2553 c.
474 2492 524 2566 ll,
549 2511 579 2554 n.
608 2492 687 2570 1-4).

27 2665 28 2668 Ἴ
141 2587 210 2650 559.
245 2627 269 2633 -
303 2589 413 2653 Eorum
440 2591 593 2670 potestas.
617 2627 662 2634 -
685 2590 709 2652 Ι.
737 2587 900 2653 Praelalr's
932 2589 1056 2670 repello·

27 2675 28 2678 ’
102 2683 181 2748 ribus
195 2689 334 2768 competit
349 2685 464 2766 duplex
471 2691 618 2766 palestrae,
629 2687 728 2750 altera
741 2687 942 2764 domicellae,
956 2689 1055 2751 altera

27 2829 28 2834 ,
102 2779 324 2848 iurisdictionis.
350 2783 505 2848 Ponnsnns
530 2802 729 2858 nominemur,
756 2786 878 2865 qualem
895 2786 989 2848 habet
1005 2805 1055 2866 pa·

102 2877 143 2940 ter
164 2880 193 2942 in
216 2879 325 2956 filium,
351 2881 491 2945 dominos
516 2881 547 2944 in
572 2901 705 2957 servum,
731 2883 778 2944 est
802 2883 850 2944 ius
884 2881 1054 2963 imperandi

103 2975 223 3042 subditis
245 2979 440 3061 regularibus
457 2997 492 3042 ea
509 2997 587 3060 quae
604 2979 677 3042 sunt
692 2977 859 3043 conformia
876 2978 992 3061 regulis
1008 2977 1055 3040 In-

103 3072 197 3138 stituti
220 3076 301 3158 quod
325 3075 517 3158 profitentur.
535 3075 641 3140 Oritur
657 3075 834 3138 radicaliter
850 3094 885 3138 ex
902 3077 972 3138 voto
989 3075 1055 3138 obe·

28 3179 30 3190 ’
103 3167 233 3237 dientiee.
258 3175 416 3238 Ponnsrns
431 3190 665 3238 runisnmrnorus
681 3173 720 3236 ab
737 3173 873 3236 Ecclesia
889 3173 1055 3236 confertur.

28 3305 30 3310 ·
102 3265 126 3329 A
146 3274 295 3350 potestate
312 3272 505 3336 dominativa
522 3271 633 3347 diflert,
651 3274 804 3352 quatenus
820 3273 868 3334 est
885 3270 1057 3352 spiritualis

29 3437 30 3440 Ἴ
104 3365 130 3426 et
151 3369 279 3448 publico.

28 3501 29 3510 κ
143 3465 212 3531 560.
228 3501 272 3513 -
289 3467 330 3530 ΙΙ.
348 3465 526 3530 Apenninus
543 3483 696 3529 nxnurnrs
712 3483 860 3530 concern
877 3481 1058 3530 mmsmcno

105 3573 184 3633 consi
197 3581 395 3640 nniscocnom,
414 3563 566 3645 siquidem
579 3565 776 3628 constituunt
787 3565 943 3646 propriam
958 3563 1058 3644 quasi·

29 3677 31 3718 5
105 3654 252 3726 dioecesim
278 3663 310 3726 et
333 3661 503 3726 Ordineriis
539 3665 792 3725 annumerantur.
824 3662 973 3725 Attamen
997 3679 1057 3725 non

152 3818 175 3859 13
189 3841 214 3852 -·
227 3821 295 3861 rura
312 3821 369 3863 Cure.
