2750 4270
285 227 351 274 cnr.
375 229 415 274 rr.
440 229 479 274 nn
503 229 671 277 rnnnnrrrs
694 231 911 280 rnnnnnornsus
1045 231 1095 285 189
1184 215 1187 221 ’

120 429 329 494 constitutus.
354 428 516 492 Ordinario
542 427 658 493 Viearii
687 428 860 511 Apostolici
892 433 966 495 sunt
995 433 1091 496 etiam

120 526 304 592 charactere
327 526 491 608 episcopali
515 525 667 610 insigniti.

167 623 246 687 547.
272 661 316 669 —
339 625 454 690 vicarii
481 625 653 706 apostonci
679 628 760 708 apnd
788 627 974 694 Diocaesen.
1001 665 1041 674 —
1065 630 1091 692 1.

119 723 197 787 illos
222 723 386 786 constituit
408 721 466 803 Ap.
492 721 585 787 Sedes
608 726 673 786 sive
696 743 767 787 eum
792 725 901 788 turbas
917 727 949 789 et
965 725 1092 790 dissidia

120 821 186 885 tore
211 821 398 902 prospicitur
427 821 459 884 in
490 820 607 884 Vicarii
634 822 817 902 capitularis
851 822 1010 898 electione,
1043 825 1092 888 vel

120 918 212 982 aliud
237 919 367 981 timetur
390 919 629 994 incommodum,
654 919 703 982 vel
723 939 793 983 oum
810 918 979 1002 Episcopus
996 922 1091 998 senio,

121 1020 180 1081 aut
197 1017 261 1080 alia
278 1016 314 1080 de
329 1035 423 1080 causa
440 1035 531 1079 suum
554 1018 635 1079 recte
647 1036 760 1080 munus
776 1036 881 1100 gerere
897 1036 958 1082 non
974 1019 1090 1100 potest,

121 1115 172 1178 nel
197 1113 323 1178 demum
340 1133 410 1176 eum
426 1113 595 1195 Episcopus
618 1114 658 1177 ab
673 1113 945 1177 wmirrsstraaone
968 1134 1092 1197 suspen-

121 1213 220 1287 ditur,
246 1213 302 1276 ant
325 1212 421 1275 etiam
445 1212 632 1274 removetur.
657 1211 826 1294 Eliguntnr
849 1212 956 1275 autem
984 1213 1015 1276 hi
1039 1213 1092 1277 Vi-

121 1313 199 1377 earii
225 1311 380 1376 ordinario
404 1330 474 1374 cunr
498 1309 675 1374 charactere
698 1310 883 1392 Episcopali,
908 1313 945 1374 ut
972 1312 1091 1377 dictum

122 1412 179 1482 est,
207 1411 302 1490 atque
326 1408 357 1472 hi
381 1410 524 1472 creantur
542 1407 683 1490 Episcopi
696 1407 849 1482 titolures,
866 1427 936 1472 raro
953 1407 1018 1472 sinc
1034 1411 1091 1476 hoo

122 1507 320 1579 charactere;
344 1526 450 1569 eorum
472 1525 542 1568 oero
562 1509 700 1584 potestus
723 1505 877 1568 noscendo
909 1527 947 1570 eo
976 1505 1091 1572 litteris

122 1604 327 1685 apostolicos,
352 1603 465 1682 quibus
479 1622 571 1665 suram
594 1601 731 1682 officium
754 1607 950 1682 aeceperunt,
974 1603 1023 1668 oel
1052 1625 1091 1668 eoo

122 1701 259 1766 indutiis
280 1723 300 1763 u
324 1699 382 1765 SS.
409 1697 475 1763 00.
498 1701 641 1778 acceptis.

169 1797 517 1862 548.-11.Sixtusv
541 1797 652 1861 Sacrae
668 1796 910 1882 Congregationi
926 1800 1090 1882 Episcopo-

124 1917 195 1962 rnm
219 1901 252 1962 et
274 1897 477 1981 Regulariuur
493 1895 677 1960 facultatem
693 1896 778 1959 dedit
801 1896 935 1980 eligendi
954 1897 1090 1962 Vicarios

122 1996 331 2079 apostolicos,
368 1993 490 2075 quando
521 2012 573 2058 eos
604 1993 813 2058 Ecclesiarum
848 1996 1014 2059 necessitas
1037 2014 1088 2077 po·

123 2093 266 2158 stularet.
1096 2096 1098 2102 '

167 2192 244 2254 549.
272 2226 309 2236 -
337 2189 393 2252 Ili.
422 2189 564 2253 Vicarius
596 2189 795 2270 Apostolicus
828 2209 918 2272 saepe
948 2190 1090 2254 mittitur

123 2291 238 2354 directe
262 2309 280 2353 a
305 2289 394 2352 Rom.
420 2288 569 2352 Pontifice
592 2307 662 2350 cum
686 2287 789 2351 Brevi.

166 2387 243 2450 550.
268 2423 311 2432 -—
334 2385 389 2447 IV.
413 2383 556 2448 Vicarius
579 2383 778 2466 Apostolicus
800 2383 871 2447 sede
889 2383 1089 2464 plenovooa-

124 2487 178 2548 tur
199 2484 445 2548 administrator
469 2481 668 2564 Apostolieus
693 2477 715 2544 ¹.

168 2761 178 2795 ¹
199 2761 280 2814 Circa
299 2761 536 2829 praeeminentias
553 2760 757 2828 Episcoporum
776 2761 944 2826 titulariurn,
965 2761 1001 2816 ad
1027 2779 1086 2816 rem

124 2850 194 2904 facit
223 2848 265 2916 (et
290 2849 404 2917 quidem
433 2867 450 2902 a
478 2849 600 2912 fortiori)
629 2866 748 2918 sequens
777 2848 920 2902 decretum
949 2849 976 2902 S.
996 2849 1028 2902 R.
1057 2847 1086 2902 G.

124 2940 140 2992 9
158 2939 227 2992 Maii
249 2938 336 2992 1857:

166 3032 265 3088 Dubia
284 3033 376 3100 quoad
394 3032 656 3087 Administratorem
668 3032 865 3098 apostolicam,

160 3119 170 3143 ²
189 3124 212 3174 1.
233 3121 275 3174 Ex
294 3122 354 3174 iure
374 3121 515 3176 communi
534 3121 756 3174 Administrator
769 3119 949 3188 Apostolious
965 3119 1087 3174 debetne

17 3181 18 3204 ᾖ
124 3215 171 3264 aut
192 3213 286 3276 potest
304 3211 408 3264 habere
426 3210 527 3264 solium
546 3228 564 3264 a
583 3213 664 3278 parte
682 3209 857 3276 Evangelii?

17 3373 19 3394 Ι
165 3301 189 3354 2.
211 3299 338 3354 Debetne
358 3305 407 3354 aut
422 3303 516 3368 potest
528 3299 599 3354 illud
611 3300 715 3354 habere
728 3299 814 3353 etiam
828 3299 857 3352 in
872 3297 1001 3354 omnibus
1015 3299 1086 3354 locis

17 3417 19 3466 ᾗ
123 3388 264 3444 Dioeeesis
284 3407 350 3442 suae
371 3385 650 3443 administrationis?

17 3471 19 3484 '
166 3479 191 3532 3.
211 3477 332 3532 Decreta
352 3495 424 3546 qnae
443 3478 542 3531 dicunt
554 3477 698 3532 Vicarinm
711 3475 906 3545 Apostolieum
919 3477 1017 3532 eadem
1028 3495 1085 3530 non

17 3571 18 3604 ἒ
124 3567 251 3634 possein
272 3585 321 3621 sno
343 3567 488 3622 Viceriatu
508 3583 541 3620 ae
559 3567 692 3635 Episcopi
711 3567 742 3620 in
761 3583 813 3620 sua
832 3565 968 3630 Dioeeesi,
988 3570 1017 3620 et
1043 3566 1084 3621 eis

124 3656 204 3724 plura
223 3657 384 3726 prohibent,
403 3659 478 3710 inter
496 3673 569 3724 quae
589 3656 670 3733 adest
690 3655 772 3710 favor
790 3655 931 3710 nominari
950 3671 968 3708 a
989 3672 1068 3710 sacer
