2750 4270
281 229 331 282 190
409 231 584 278 caloratos
608 231 646 277 DE
671 229 861 278 HIEEAROHIA
885 223 1117 276 IURISDICTIONIS

324 431 398 494 551.
424 465 465 478 -
491 432 605 497 Vicarii
632 433 664 497 el
690 422 847 496 Praefecti
875 425 1045 509 tposlolici
1064 421 1145 504 apud
1177 421 1256 485 llis·

279 529 400 593 aiones.
425 529 744 605 ÷1.Missionibus
769 525 991 609 praeficiuntur
1016 521 1138 587 Vicorc'i
1159 518 1259 598 Apo-

279 625 381 688 stolicc'
402 626 433 688 et
457 623 620 704 Praefecti
644 625 832 704 Apostolici.

325 723 399 786 552.
426 759 465 767 -
493 722 613 786 Vicorc'r‘
630 721 806 802 Apostolici
822 720 952 800 proprie
968 717 1044 780 dicti
1059 716 1134 797 quia
1149 713 1260 778 solent

278 820 442 902 episcopali
465 820 641 883 charactere
664 819 818 902 insigniri,
835 819 908 882 suut
932 814 1074 898 Episcopi
1097 814 1130 876 iu
1157 811 1261 893 parti-

281 916 349 992 bua
372 916 459 980 hodie
485 917 629 979 titularet
653 915 738 978 dicti.

282 1163 393 1217 dotibus
413 1163 442 1215 in
462 1179 569 1216 canone
588 1162 701 1227 Missae,
721 1165 818 1215 tacent
837 1161 951 1214 omniuo
971 1161 1005 1212 de
1025 1157 1261 1212 Administrato·

282 1251 358 1304 ribus
377 1251 563 1319 Apostolicis;
584 1251 657 1304 unde
678 1251 900 1304 concludendum
929 1249 1050 1311 videtur,
1079 1245 1261 1313 praesertim

282 1341 548 1394 Administratorem
562 1341 757 1408 Apostolicum
771 1341 912 1394 Dioecesis
932 1338 1099 1392 Pekinensis
1111 1341 1145 1390 ut
1167 1335 1261 1389 talem

283 1447 339 1483 non
358 1430 463 1498 attingi
484 1447 500 1483 a
519 1431 606 1485 variis
626 1431 669 1484 his
690 1431 869 1484 laudatorum
889 1429 1066 1484 decretorum
1082 1423 1259 1494 prohibitio·

284 1519 364 1572 uibus
384 1519 413 1574 in
433 1519 560 1574 Dioecasi
586 1539 652 1574 suae
681 1517 946 1583 administrationis,
967 1520 996 1571 ct
1015 1516 1116 1570 eadem
1147 1513 1259 1567 ibidem

284 1625 365 1676 posse
377 1625 410 1661 ac
423 1610 551 1676 proprius
563 1610 725 1678 Episcopus.
738 1609 871 1663 Potestne
881 1623 1015 1676 praeseus
1026 1605 1262 1658 Administrator

283 1696 448 1750 Pekinensis
467 1699 497 1750 in
517 1699 671 1762 locis„suae
692 1697 948 1752 administrationis
977 1693 1166 1763 Apostolicae
1198 1707 1261 1759 pru·

283 1786 382 1840 denter
401 1787 480 1854 sequi
499 1788 572 1842 hanc
591 1805 671 1842 suam
690 1785 979 1856 interpretationem?
1163 1841 1166 1846 ,

318 1875 353 1928 R.
370 1875 456 1929 Sacra
466 1874 552 1944 Cong.
567 1877 680 1944 singula
692 1880 800 1930 mature
811 1875 969 1944 expendere
980 1871 1100 1936 curavit,
1112 1874 1143 1924 et
1154 1869 1262 1922 inhae-

280 1979 345 2016 rens
365 1963 485 2017 decretis
506 1965 576 2018 alias
605 1965 635 2017 in
655 1963 793 2018 similibus
822 1963 915 2026 editis,
936 1961 1106 2030 praesertim
1134 1959 1169 2011 in
1200 1971 1260 2010 una

282 2051 456 2107 Sorsiooterc.
476 2053 520 2107 die
540 2055 574 2106 22
588 2053 710 2123 Augusti
731 2055 809 2113 1722,
828 2053 982 2108 rescribere
1001 2053 1066 2104 rata
1080 2053 1139 2103 est:
1163 2047 1260 2114 Nepa·

280 2143 335 2197 tioc
353 2145 385 2197 irc
403 2145 536 2207 omuibus,
556 2145 638 2199 iacta
660 2145 841 2198 eoaociotam
867 2145 1005 2204 decretam
1033 2143 1066 2194 ire
1094 2156 1158 2194 arca
1189 2137 1259 2190 Sor*

280 2231 400 2284 stacteo.
418 2271 440 2294 „.
1230 2245 1231 2250 ¹

326 2317 411 2372 Porro
424 2319 567 2372 decretum
581 2319 615 2372 ds
629 2335 683 2386 quo
694 2317 740 2371 hic
755 2318 857 2387 agitur,
872 2308 1011 2370 eiusmodi
1030 2317 1089 2369 est:
1113 2313 1124 2336 “
1140 2312 1258 2367 Dubia:

283 2405 307 2459 1.
326 2406 371 2458 An
390 2405 545 2474 Episcopus
565 2405 697 2460 Civitatis
717 2407 832 2460 Ducalis
855 2406 1006 2460 modernus
1035 2403 1259 2456 Admnistrator

282 2495 424 2548 Ecclesiae
436 2495 641 2551 sarsinatensis
653 2497 683 2550 in
697 2495 890 2550 functionibus
901 2493 1115 2564 pontificalibus
1127 2489 1258 2562 gaudeat

281 2583 411 2636 omnibus
430 2583 487 2636 illis
508 2585 737 2651 praeeminentiis
757 2588 786 2637 et
805 2582 1022 2652 praerogativis,
1037 2581 1143 2650 quibus
1159 2579 1257 2632 fruun-

281 2675 328 2725 tur
347 2675 375 2725 et
394 2672 520 2740 gaudent
539 2689 635 2726 omues
655 2673 704 2725 alii
723 2672 856 2739 Episcopi
875 2671 906 2724 in
927 2671 1048 2739 propriis
1067 2669 1256 2723 Dioecesibas

281 2759 312 2811 in
331 2775 405 2823 casu,
426 2759 502 2812 eta?
522 2759 558 2812 Et
577 2762 717 2826 qual-enus
736 2760 885 2827 negative:
906 2785 940 2794 —-
960 2759 985 2810 2.
1006 2759 1051 2809 An
1071 2757 1168 2810 dictus
1189 2751 1258 2820 Epi-

282 2863 383 2914 scopus
396 2847 573 2900 Ministrator
588 2847 748 2901 amoribilis
761 2847 904 2900 Ecclesiae
918 2845 1059 2906 vacantis,
1072 2845 1144 2898 dum
1155 2843 1258 2898 cantat

282 2935 383 2988 Missas
403 2940 432 2989 et
451 2935 589 3004 Vesperas
615 2937 645 2988 in
669 2936 888 3004 pontificalibus.
919 2936 1010 3003 possit
1039 2935 1140 2988 sedere
1171 2947 1256 3000 super

283 3024 419 3077 cathedra
438 3024 600 3091 episcopali,
622 3024 734 3078 elevata
753 3028 875 3092 quatuor
894 3023 1041 3092 gradibus,
1060 3026 1168 3090 parata
1192 3035 1255 3073 cum

283 3111 452 3166 baldachino
473 3130 505 3165 ac
524 3113 694 3181 postergals‚
714 3117 743 3166 et
756 3113 797 3166 uti
812 3112 936 3166 baculo?
957 3139 979 3146 -
997 3113 1021 3165 3.
1036 3112 1081 3164 An
1098 3110 1254 3164 concedere

284 3202 374 3267 possit
392 3201 603 3268 indulgentiam
623 3203 813 3269 quadraginta
832 3201 942 3254 dierum
956 3202 1017 3254 sine
1031 3199 1153 3267 speciali
1166 3195 1254 3252 facul·

284 3291 344 3341 tate
365 3289 550 3356 Apostolica‘l
569 3315 604 3325 —-
623 3291 647 3342 4.
668 3291 712 3348 An
733 3290 843 3343 aidum
864 3289 976 3343 assistit
998 3288 1104 3341 Missae
1133 3281 1253 3342 solemni

284 3375 321 3428 ab
340 3375 395 3428 alio
415 3380 556 3440 cantatae,
577 3376 699 3430 debeant
719 3376 853 3431 Canonici
867 3377 963 3431 facere
977 3377 1097 3430 circulos
1111 3377 1150 3430 ad
1163 3373 1253 3444 Kyric

286 3465 395 3527 eleison,
420 3463 520 3518 Gloria
537 3466 569 3518 irc
589 3465 710 3524 excelsis,
733 3464 828 3530 Credo,
849 3465 971 3520 Scaeae
1000 3469 1029 3519 et
1057 3467 1161 3534 Apaas
1190 3462 1250 3519 Dei,

285 3555 409 3618 tuncque
428 3553 543 3605 ubinam
562 3554 664 3607 debeat
683 3555 801 3608 sedere?
821 3581 849 3590 -
875 3556 903 3608 5.Ἰ
923 3555 968 3607 An
988 3553 1048 3608 ficri
1068 3555 1176 3609 debeat
1204 3569 1251 3606 an·

284 3639 472 3693 niversarium
491 3657 557 3693 suae
577 3639 802 3697 Consecrationis
822 3659 885 3696 cum
898 3643 986 3696 Missa
1000 3647 1121 3696 cantata
1135 3661 1188 3710 per
1202 3639 1248 3694 Oa·
