2818 4276
314 223 363 277 132
441 225 614 272 aasentias
637 225 677 272 DE
701 225 891 272 Hlnnnncflll
914 227 1146 275 IURISDICTIONIS

321 421 322 424 Ἴ
436 461 514 526 Aen.
538 462 579 525 ΙΙ.
604 461 654 528 lte
678 453 948 528 luribns'ltom.
971 461 1155 529 Pontlilels

699 561 736 624 ln
760 560 882 643 specle.

356 741 431 804 399.
455 778 493 786 -
533 742 583 806 lus
615 741 784 806 deliniendi
816 741 1052 806 controuersias
1085 742 1123 806 de
1152 743 1219 808 lide
1253 746 1291 810 et

312 839 462 904 moribus.
487 875 531 884 -
554 837 690 902 P1ule
714 855 887 902 nnrrnnnn:
916 863 932 895 «
948 838 1090 902 Roaaai
1105 837 1289 920 Pontifices

310 936 506 1017 definitiones
530 933 584 1016 (ea
606 934 770 1016 cathedra)
794 953 836 998 nx
853 952 924 998 susa
942 955 1005 998 aaa
1028 941 1132 999 alitem
1156 958 1288 1004 cacca-

309 1054 403 1098 seasa
425 1033 594 1108 Ecclesiae,
619 1030 864 1111 irreformatites
887 1053 952 1096 esse
975 1057 992 1092 >›
1023 1033 1130 1115 (Bulla
1154 1034 1288 1100 Pastor

310 1136 466 1207 aetccaas,
490 1151 515 1194 c.
540 1132 585 1214 4).

354 1230 430 1293 400.
455 1266 498 1274 —
524 1231 574 1295 lus
598 1229 779 1310 prohibendi
817 1230 915 1294 libras
940 1247 1065 1310 pravos.
1091 1267 1134 1276 -
1169 1231 1286 1296 Dedu-

309 1329 391 1393 citur
413 1347 448 1390 en
472 1327 572 1391 dictis.
604 1365 637 1372 -
664 1327 746 1391 Hinc
770 1327 794 1390 l.
827 1326 910 1390 Sacc.
945 1328 1048 1402 tertio,
1074 1329 1113 1392 ad
1138 1327 1286 1393 Poatia-

309 1446 383 1490 aaa
407 1423 595 1504 Pontificem
618 1425 690 1488 libri
711 1419 852 1508 Origenis
875 1425 963 1488 missi
979 1425 1113 1503 fuerunt,
1137 1429 1175 1490 nt
1191 1427 1286 1492 dam·

309 1526 466 1588 narentur.
499 1559 542 1568 --
572 1523 611 1584 ll.
643 1521 692 1585 Ad
722 1523 940 1586 Iaaoccatiaa
963 1525 988 1587 I
1012 1525 1285 1606 praestantissimi

309 1621 443 1702 quinque
467 1619 589 1684 Africae
615 1620 758 1702 Episcopi
789 1619 898 1684 dedere
920 1621 1053 1696 litterae,
1086 1623 1123 1685 nt
1152 1621 1284 1708 Pelagii

308 1720 422 1784 librum
446 1719 673 1783 condemnaret.
698 1719 739 1781 Et
762 1719 805 1782 sic
828 1720 1008 1794 successive,
1032 1721 1112 1784 teste
1127 1721 1197 1786 tota
1215 1724 1286 1787 tra·

304 1818 430 1882 ditione.
454 1854 498 1862 —
521 1817 578 1880 Ill.
604 1817 695 1880 Rom.
720 1817 863 1880 Pontifex
885 1837 997 1900 pravos
1024 1819 1118 1882 libros
1142 1818 1285 1885 damnat

304 1935 356 1997 per
378 1915 496 1978 bullam
521 1918 578 1978 aut
594 1914 694 1989 breve,
713 1916 769 1977 eut
786 1933 838 1995 per
854 1913 1036 1997 Supremam
1053 1913 1164 2000 Congr.
1183 1916 1215 1980 S.
1236 1919 1280 1982 u.

300 2014 332 2077 et
355 2013 394 2077 U.
418 2012 640 2094 inquisitionis,
672 2012 721 2076 vel
745 2031 797 2093 per
821 2011 934 2098 Oongr.
959 2013 1083 2078 Indicis.
1116 2014 1281 2098 Magister

301 2109 330 2174 S.
354 2111 389 2174 P.
413 2110 451 2174 Α.
476 2111 550 2174 olim
575 2109 697 2190 aliquos
719 2109 816 2174 libros
842 2110 1022 2174 damnabat.

344 2210 420 2273 401.
441 2246 478 2254 —
500 2210 550 2272 lus
573 2207 695 2273 fcrenti
715 2209 814 2288 lcpcs.
832 2243 874 2256 -
891 2209 981 2272 Rom.
998 2207 1140 2273 Pontifex
1163 2211 1217 2274 cui
1235 2231 1276 2274 ex

302 2307 383 2371 Elor.
412 2305 598 2389 «pascendi,
630 2305 765 2388 regendi,
790 2306 822 2368 et
844 2305 1035 2389 gubernandi
1058 2307 1273 2372 universalem

300 2404 469 2467 Ecclesiam
494 2422 512 2468 a
535 2405 574 2466 D.
598 2401 637 2466 N.
663 2403 687 2464 l.
712 2401 835 2466 Christo
867 2403 956 2484 plena
979 2405 1119 2484 potestas
1149 2405 1277 2470 tradita

300 2501 361 2566 fuit
377 2526 407 2576 s,
432 2501 527 2564 habet
550 2501 771 2581 consequenter
797 2499 846 2563 ins
869 2501 985 2564 ferendi
1008 2501 1090 2584 leges
1115 2519 1169 2583 pro
1199 2502 1275 2568 tota

301 2597 447 2662 Ecclesia.
471 2598 553 2662 Hruc
584 2620 601 2654 c
616 2597 736 2660 Petras
751 2617 871 2676 semper
894 2598 927 2660 ia
950 2599 1018 2661 sais
1039 2599 1275 2664 successoribus

301 2697 376 2760 aicit
397 2699 427 2760 et
448 2695 597 2759 laeticiam
621 2699 741 2758 exercet
756 2718 773 2753 >›
801 2695 907 2776 (Oonc.
931 2696 1067 2778 Ephes.).

344 2794 420 2857 402.
437 2829 481 2838 -
499 2794 549 2858 lus
572 2792 679 2858 tuendi
705 2792 862 2857 canones.
881 2829 920 2838 -
941 2817 959 2850 c
980 2789 1131 2856 Ooaacait
1153 2793 1272 2874 Papae

293 2891 714 2972 pateraacamsaactioaaa
737 2888 903 2970 ditipeates
926 2910 992 2954 esse
1015 2891 1154 2955 custodes
1168 2916 1201 2969 ›‚
1219 2893 1271 2958 ait

299 2988 400 3052 Bonis.
418 2987 442 3064 Ι,
460 2987 558 3068 Epist.
576 2985 595 3048 5
620 2985 660 3050 ad
683 2987 783 3050 Hilar.
807 2985 926 3051 Arelat.
950 3025 995 3034 -
1017 2987 1100 3053 Hnuc
1115 2990 1140 3053 Ι.
1158 2988 1272 3055 Habet

299 3086 349 3150 ias
370 3084 641 3148 aaiaucdnerteadi
662 3085 698 3147 ia
722 3088 979 3165 traaspcessares
1004 3086 1077 3168 quia
1107 3087 1192 3169 Papa
1217 3090 1270 3152 est

297 3185 400 3248 custos
423 3185 455 3248 et
478 3181 592 3246 oiadea
614 3201 787 3246 caaoaaa:
814 3181 994 3265 «Quisquis
1017 3185 1146 3249 conatus
1170 3185 1268 3250 fuerit

296 3281 417 3344 tentare
441 3279 607 3362 prohibita,
631 3279 747 3342 sentiat
770 3297 930 3344 censuram
953 3280 1151 3362 Apostolicae
1175 3281 1266 3347 Sedis

295 3377 421 3441 minime
437 3377 625 3441 defuturam.
639 3373 724 3455 Quae
741 3377 821 3440 enim
839 3377 906 3440 sola
924 3377 1143 3443 admonitionis
1159 3380 1265 3444 aucto·

296 3474 390 3538 ritate
414 3493 473 3538 non
489 3472 683 3557 corrigimus
697 3492 817 3538 necesse
834 3475 881 3538 est
905 3494 959 3557 per
981 3477 1179 3540 severitatem
1196 3495 1265 3541 eon-

295 3573 457 3656 gruentem
481 3572 597 3656 regulis
629 3571 851 3636 vindicemus»
879 3571 1026 3656 (Coelest.
1051 3575 1076 3638 l.
1106 3575 1193 3656 epist.
1221 3575 1266 3638 ad

295 3669 402 3750 Episc.
420 3690 481 3749 per
503 3667 658 3750 Apatiaa
681 3672 712 3732 et
741 3665 952 3746 Oatctriam).
969 3668 1011 3735 ΙΙ.
1028 3671 1113 3755 Papa
1137 3673 1262 3737 nonest
