2750 4270
280 248 345 295 caP.
370 250 401 299 [Ι.
427 250 465 295 DE
490 249 694 296 aniunoulnus
718 247 928 296 EPISCOPORIIII
1034 249 1088 303 239

108 451 207 514 ctum
232 451 290 525 eat,
315 451 351 514 ut
374 449 477 522 adsint
500 450 648 532 Episcopo
682 449 840 534 generales
871 449 1088 518 Ordinationes

110 548 259 624 habenti,
284 549 451 630 nocentque
468 547 614 624 Clericos,
631 547 685 630 qni
700 547 739 612 ad
757 547 878 614 ordines
891 549 1090 632 promovendi

108 646 191 710 sunt
217 645 366 730 (Soglia).

158 743 243 806 690.
271 779 310 789 -
334 741 390 806 IV.
415 741 531 806 Vicarii
554 741 720 808 Generales
750 742 1025 808 archidiaconibus
1059 744 1091 808 et
1206 771 1210 778 ·

109 841 239 906 Vioarii
263 840 392 905 Eoranei
414 839 695 924 archipresbyteris
719 843 930 906 successerunt
945 837 966 905 ¹.
991 841 1089 906 Unde.

312 1090 390 1156 Anu.
415 1091 456 1156 ΙΙ.
482 1091 530 1158 ite
553 1089 696 1159 Vlcerio
719 1091 897 1158 donenali.

159 1287 244 1350 691.
269 1323 313 1332 -
342 1286 605 1352 Praenolandum.
641 1323 686 1331 -
719 1285 923 1367 Exploratum
959 1285 1091 1361 videtur,

110 1385 204 1468 quod
228 1383 347 1448 Vicarii
371 1383 536 1448 Generales
552 1385 656 1448 aetate
673 1381 816 1466 Gregorii
831 1383 877 1446 IX
893 1383 975 1465 apud
987 1401 1092 1448 omnes

109 1483 233 1549 saltem
259 1482 411 1546 Ecclesiae
434 1481 571 1546 nondum
595 1481 803 1558 obtinuerant,
827 1500 897 1544 cum
920 1480 955 1544 ia
975 1479 1092 1561 Grego-

110 1583 218 1645 riana
242 1577 456 1644 Decretotium
479 1577 693 1658 compilatione
726 1577 921 1642 Vicoriorum
952 1577 1091 1659 Genera·

109 1679 200 1743 lium
224 1677 356 1758 vestigia
378 1675 470 1740 notia
491 1677 567 1739 siat.
593 1677 708 1742 Contra
732 1694 803 1740 vero
829 1675 1015 1756 temporibus
1026 1673 1091 1739 Bo·

111 1774 235 1856 etfacit
266 1773 355 1838 VIII
383 1773 503 1838 Vioarii
529 1772 701 1838 Generales
723 1771 933 1850 incoluerant,
957 1791 1090 1855 namque

111 1877 147 1940 In
174 1874 213 1936 6⁰
237 1871 448 1936 Decretaiium
470 1871 527 1936 sub
551 1871 645 1936 titulo
670 1871 721 1936 De
741 1869 831 1952 Offic.
857 1871 933 1950 Via,
951 1871 1091 1954 ipsorum

112 1989 253 2036 munera
276 1969 453 2034 distinctius
476 1971 690 2052 proponuntur
713 1969 860 2053 (Soglia).

163 2067 246 2131 692.
271 2101 315 2112 -
339 2067 465 2132 creatio
491 2068 606 2132 vicarii
633 2067 809 2134 Generalis.
843 2103 883 2114 —-
914 2067 940 2131 Ι.
969 2065 1094 2132 Consti·

112 2165 205 2232 tutio
231 2163 347 2228 Vicarii
371 2163 531 2228 Generalis
554 2165 594 2228 ad
618 2165 717 2228 solum
742 2165 927 2246 Episcopum
950 2165 1094 2246 pertinet,

112 2284 174 2329 neo
200 2263 327 2327 vetatur
350 2263 528 2344 Episcopus,
545 2263 648 2345 piures
664 2263 723 2327 sibi
740 2263 881 2326 Vicarios
896 2263 1094 2340 constituere,

113 2365 148 2428 et
177 2361 213 2424 1⁰
238 2359 362 2442 quidem
386 2360 440 2424 uni
456 2359 701 2424 iurisdietionem
718 2360 939 2436 voluntariam,
957 2361 988 2424 et
1003 2359 1095 2424 alteri

1 2484 2 2489 ¹
114 2457 369 2526 iurIsdictionem
385 2459 611 2522 contentiosam
624 2457 855 2533 demandand03
874 2461 908 2521 2⁰
921 2457 1094 2540 Utramque

114 2556 370 2623 iurisdictionem
386 2555 518 2640 singulis
534 2557 564 2618 in
581 2555 713 2620 solidum
731 2556 917 2641 delegando:
934 2556 968 2619 3⁰
986 2557 1094 2622 Certas

1 2719 2 2722 ,
114 2653 269 2720 dioecesis
292 2653 432 2736 regiones
455 2653 620 2736 unicuique
643 2654 828 2736 assignando
853 2653 932 2736 (id).

168 2750 247 2814 693.
273 2785 313 2796 -
338 2749 379 2813 ΙΙ.
403 2749 498 2831 Eiipi
518 2750 607 2813 debet
629 2751 664 2813 irc
696 2751 855 2814 Vtcuriom
879 2749 1015 2814 Clericus
1035 2768 1094 2814 non

115 2849 227 2914 minor
250 2847 364 2931 viginti
388 2847 522 2928 quinque
538 2847 627 2911 annis
644 2847 754 2910 saltem
773 2847 935 2922 inchoatis,
955 2847 1094 2911 moribus

116 2946 266 3030 integris,
284 2947 315 3010 et
331 2945 380 3028 (ex
396 2947 462 3008 iure
479 2945 646 3028 ordinario)
664 2945 815 3009 doctorali
830 2946 992 3026 utriusque
1008 2943 1095 3022 iuris,

118 3044 174 3109 vel
187 3043 300 3108 saitem
316 3043 455 3106 canonici
470 3043 576 3106 laurea
588 3043 766 3127 insignitus,
784 3043 843 3107 nisi
859 3042 982 3106 aliunde
997 3043 1095 3124 ipsius

1 3169 2 3172 ¹
117 3140 237 3225 peritia
261 3139 423 3204 manifeste
447 3141 605 3222 comperta
628 3141 680 3205 sit.

170 3237 247 3301 694.
256 3237 367 3302 -IIL
380 3235 494 3302 Bened.
507 3237 584 3300 XIII
597 3238 627 3301 in
640 3236 763 3321 Synodo
776 3237 918 3302 Romana
930 3236 1095 3302 constituit
1114 3207 1117 3214 Δ
1182 3321 1186 3331 1

161 3497 170 3530 ¹
190 3497 232 3554 De
251 3499 494 3554 Arcelacae-onata
504 3503 533 3553 et
543 3500 825 3568 Archipreebytcrotu
836 3499 866 3552 in
877 3497 1094 3553 (lathedralibnr

121 3591 156 3644 et
175 3586 341 3658 collegiatis
360 3589 494 3644 Ecclesiis
514 3589 710 3654 existentibus,
730 3588 781 3644 etr.
801 3587 957 3654 Pallottini,
984 3586 1093 3644 Gollcet.
1124 3585 1128 3598 ⁸

122 3677 156 3733 S.
178 3677 218 3738 ,0.-
231 3677 270 3743 0,
290 3683 357 3734 tom.
377 3679 412 3744 II,
433 3697 498 3750 pag.
519 3681 571 3734 336
591 3681 620 3734 et
638 3681 701 3733 411.
877 3681 878 3684 ’
1105 3691 1108 3696 “
