<?xml version="1.0" encoding="UTF-8"?>
<!DOCTYPE html PUBLIC "-//W3C//DTD XHTML 1.0 Transitional//EN"
    "http://www.w3.org/TR/xhtml1/DTD/xhtml1-transitional.dtd">
<html xmlns="http://www.w3.org/1999/xhtml" xml:lang="en" lang="en">
 <head>
  <title>
</title>
<meta http-equiv="Content-Type" content="text/html;charset=utf-8" />
  <meta name='ocr-system' content='tesseract 3.04.00' />
  <meta name='ocr-capabilities' content='ocr_page ocr_carea ocr_par ocr_line ocrx_word'/>
</head>
<body>
  <div class='ocr_page' id='page_1' title='image "./compendiumiuris00tutgoog_0314.png"; bbox 0 0 2758 4270; ppageno 0'>
   <div class='ocr_carea' id='block_1_1' title="bbox 264 233 1153 287">
    <p class='ocr_par' dir='ltr' id='par_1_1' title="bbox 264 233 1153 287">
     <span class='ocr_line' id='line_1_1' title="bbox 264 233 1153 287; baseline 0.004 -3"><span class='ocrx_word' id='word_1_1' title='bbox 264 237 328 284; x_wconf 75' lang='lat' dir='ltr'><strong>GAP·</strong></span> <span class='ocrx_word' id='word_1_2' title='bbox 353 239 382 283; x_wconf 83' lang='lat' dir='ltr'>V.</span> <span class='ocrx_word' id='word_1_3' title='bbox 407 239 447 284; x_wconf 89' lang='lat' dir='ltr'>DE</span> <span class='ocrx_word' id='word_1_4' title='bbox 471 236 626 284; x_wconf 82' lang='lat' dir='ltr'>MONAOHIS</span> <span class='ocrx_word' id='word_1_5' title='bbox 650 237 687 282; x_wconf 88' lang='lat' dir='ltr'>ET</span> <span class='ocrx_word' id='word_1_6' title='bbox 710 235 926 283; x_wconf 69' lang='lat' dir='ltr'>neoptolomus</span> <span class='ocrx_word' id='word_1_7' title='bbox 1027 233 1080 287; x_wconf 84' lang='lat'>305</span> <span class='ocrx_word' id='word_1_8' title='bbox 1150 257 1153 262; x_wconf 91' lang='lat'>·</span> 
     </span>
    </p>
   </div>
   <div class='ocr_carea' id='block_1_2' title="bbox 89 436 1081 1591">
    <p class='ocr_par' dir='ltr' id='par_1_2' title="bbox 109 436 1079 609">
     <span class='ocr_line' id='line_1_2' title="bbox 110 436 1079 504; baseline -0.007 0"><span class='ocrx_word' id='word_1_9' title='bbox 110 441 222 504; x_wconf 87' lang='lat' dir='ltr'>contra</span> <span class='ocrx_word' id='word_1_10' title='bbox 254 437 383 502; x_wconf 88' lang='lat' dir='ltr'>formem</span> <span class='ocrx_word' id='word_1_11' title='bbox 417 438 530 502; x_wconf 75' lang='lat' dir='ltr'>decreti</span> <span class='ocrx_word' id='word_1_12' title='bbox 554 436 728 501; x_wconf 79' lang='lat' dir='ltr'>Tridentini</span> <span class='ocrx_word' id='word_1_13' title='bbox 755 437 855 500; x_wconf 88' lang='lat' dir='ltr'>factae</span> <span class='ocrx_word' id='word_1_14' title='bbox 879 436 1004 499; x_wconf 90' lang='lat' dir='ltr'>fuerint.</span> <span class='ocrx_word' id='word_1_15' title='bbox 1036 471 1079 482; x_wconf 95' lang='lat'>-</span> 
     </span>
     <span class='ocr_line' id='line_1_3' title="bbox 109 530 1079 609; baseline -0.004 -7"><span class='ocrx_word' id='word_1_16' title='bbox 109 535 245 602; x_wconf 77' lang='lat' dir='ltr'>Constat</span> <span class='ocrx_word' id='word_1_17' title='bbox 257 555 292 598; x_wconf 87' lang='lat' dir='ltr'>er</span> <span class='ocrx_word' id='word_1_18' title='bbox 309 535 388 600; x_wconf 92' lang='lat' dir='ltr'>decr.</span> <span class='ocrx_word' id='word_1_19' title='bbox 402 534 432 600; x_wconf 84' lang='lat' dir='ltr'>S.</span> <span class='ocrx_word' id='word_1_20' title='bbox 444 534 478 599; x_wconf 87' lang='lat' dir='ltr'>C.</span> <span class='ocrx_word' id='word_1_21' title='bbox 495 537 531 598; x_wconf 93' lang='grc'>11</span> <span class='ocrx_word' id='word_1_22' title='bbox 548 536 657 600; x_wconf 88' lang='lat' dir='ltr'>Martii</span> <span class='ocrx_word' id='word_1_23' title='bbox 675 535 773 609; x_wconf 83' lang='lat'>1836,</span> <span class='ocrx_word' id='word_1_24' title='bbox 786 535 816 597; x_wconf 92' lang='lat' dir='ltr'>in</span> <span class='ocrx_word' id='word_1_25' title='bbox 829 553 891 598; x_wconf 88' lang='lat' dir='ltr'>una</span> <span class='ocrx_word' id='word_1_26' title='bbox 908 530 1079 598; x_wconf 81' lang='lat' dir='ltr'>Ornd&#39;u.</span> 
     </span>
    </p>

    <p class='ocr_par' dir='ltr' id='par_1_3' title="bbox 89 631 1080 1399">
     <span class='ocr_line' id='line_1_4' title="bbox 156 631 1078 705; baseline -0.004 -7"><span class='ocrx_word' id='word_1_27' title='bbox 156 635 232 698; x_wconf 87' lang='grc'><strong>898.</strong></span> <span class='ocrx_word' id='word_1_28' title='bbox 257 670 301 680; x_wconf 85' lang='grc'>-</span> <span class='ocrx_word' id='word_1_29' title='bbox 330 633 387 697; x_wconf 91' lang='lat' dir='ltr'>lll.</span> <span class='ocrx_word' id='word_1_30' title='bbox 420 633 512 698; x_wconf 86' lang='lat' dir='ltr'>Cavit</span> <span class='ocrx_word' id='word_1_31' title='bbox 536 636 613 698; x_wconf 92' lang='lat' dir='ltr'>item</span> <span class='ocrx_word' id='word_1_32' title='bbox 645 631 819 698; x_wconf 81' lang='lat' dir='ltr'>Concilium</span> <span class='ocrx_word' id='word_1_33' title='bbox 850 631 1078 705; x_wconf 74' lang='lat' dir='ltr'>Tridentium,</span> 
     </span>
     <span class='ocr_line' id='line_1_5' title="bbox 111 728 1080 812; baseline -0.004 -16"><span class='ocrx_word' id='word_1_34' title='bbox 111 751 190 796; x_wconf 87' lang='lat' dir='ltr'>sese.</span> <span class='ocrx_word' id='word_1_35' title='bbox 219 732 273 807; x_wconf 78' lang='lat'>25,</span> <span class='ocrx_word' id='word_1_36' title='bbox 305 750 370 812; x_wconf 89' lang='lat' dir='ltr'>cap.</span> <span class='ocrx_word' id='word_1_37' title='bbox 404 731 433 806; x_wconf 87' lang='grc'>7,</span> <span class='ocrx_word' id='word_1_38' title='bbox 465 731 502 794; x_wconf 85' lang='lat' dir='ltr'>dc</span> <span class='ocrx_word' id='word_1_39' title='bbox 529 730 693 812; x_wconf 60' lang='lat' dir='ltr'>Reperiam,</span> <span class='ocrx_word' id='word_1_40' title='bbox 721 749 758 793; x_wconf 91' lang='lat' dir='ltr'>ne</span> <span class='ocrx_word' id='word_1_41' title='bbox 789 728 993 802; x_wconf 80' lang='lat' dir='ltr'>Anarrrssnr,</span> <span class='ocrx_word' id='word_1_42' title='bbox 1023 729 1080 792; x_wconf 90' lang='lat' dir='ltr'>aut</span> 
     </span>
     <span class='ocr_line' id='line_1_6' title="bbox 109 827 1079 904; baseline -0.005 -12"><span class='ocrx_word' id='word_1_43' title='bbox 109 830 293 904; x_wconf 87' lang='lat' dir='ltr'>Priorissae‚</span> <span class='ocrx_word' id='word_1_44' title='bbox 318 827 436 892; x_wconf 88' lang='lat' dir='ltr'>aliaeve</span> <span class='ocrx_word' id='word_1_45' title='bbox 466 827 652 894; x_wconf 86' lang='lat' dir='ltr'>Monialium</span> <span class='ocrx_word' id='word_1_46' title='bbox 683 828 860 890; x_wconf 83' lang='lat' dir='ltr'>Praefectae</span> <span class='ocrx_word' id='word_1_47' title='bbox 892 828 1079 902; x_wconf 78' lang='lat' dir='ltr'>crearentur,</span> 
     </span>
     <span class='ocr_line' id='line_1_7' title="bbox 111 925 1080 1008; baseline -0.003 -17"><span class='ocrx_word' id='word_1_48' title='bbox 111 929 174 992; x_wconf 88' lang='lat' dir='ltr'>nisi</span> <span class='ocrx_word' id='word_1_49' title='bbox 202 927 486 1007; x_wconf 70' lang='lat' dir='ltr'>quadrupeaariae,</span> <span class='ocrx_word' id='word_1_50' title='bbox 515 931 547 990; x_wconf 90' lang='lat' dir='ltr'>et</span> <span class='ocrx_word' id='word_1_51' title='bbox 571 946 649 1008; x_wconf 86' lang='lat' dir='ltr'>quae</span> <span class='ocrx_word' id='word_1_52' title='bbox 672 925 848 990; x_wconf 80' lang='lat' dir='ltr'>octennium</span> <span class='ocrx_word' id='word_1_53' title='bbox 872 925 983 988; x_wconf 88' lang='lat' dir='ltr'>saltem</span> <span class='ocrx_word' id='word_1_54' title='bbox 1008 925 1080 988; x_wconf 90' lang='lat' dir='ltr'>reli·</span> 
     </span>
     <span class='ocr_line' id='line_1_8' title="bbox 110 1021 1079 1108; baseline -0.004 -18"><span class='ocrx_word' id='word_1_55' title='bbox 110 1027 221 1108; x_wconf 83' lang='lat' dir='ltr'>gipsae</span> <span class='ocrx_word' id='word_1_56' title='bbox 237 1024 434 1106; x_wconf 82' lang='lat' dir='ltr'>professionis</span> <span class='ocrx_word' id='word_1_57' title='bbox 450 1024 655 1106; x_wconf 83' lang='lat' dir='ltr'>expleverint:</span> <span class='ocrx_word' id='word_1_58' title='bbox 680 1023 831 1103; x_wconf 89' lang='lat' dir='ltr'>iussitque</span> <span class='ocrx_word' id='word_1_59' title='bbox 848 1023 884 1084; x_wconf 91' lang='lat' dir='ltr'>ut</span> <span class='ocrx_word' id='word_1_60' title='bbox 899 1021 1079 1102; x_wconf 77' lang='lat' dir='ltr'>Episcopus,</span> 
     </span>
     <span class='ocr_line' id='line_1_9' title="bbox 110 1117 1079 1203; baseline -0.006 -17"><span class='ocrx_word' id='word_1_61' title='bbox 110 1124 169 1186; x_wconf 89' lang='lat' dir='ltr'>aut</span> <span class='ocrx_word' id='word_1_62' title='bbox 194 1122 248 1203; x_wconf 90' lang='lat' dir='ltr'>qui</span> <span class='ocrx_word' id='word_1_63' title='bbox 264 1122 330 1185; x_wconf 90' lang='lat' dir='ltr'>eius</span> <span class='ocrx_word' id='word_1_64' title='bbox 352 1120 500 1184; x_wconf 86' lang='lat' dir='ltr'>mandato</span> <span class='ocrx_word' id='word_1_65' title='bbox 522 1121 707 1184; x_wconf 87' lang='lat' dir='ltr'>Monialium</span> <span class='ocrx_word' id='word_1_66' title='bbox 731 1117 931 1183; x_wconf 85' lang='lat' dir='ltr'>electionibus</span> <span class='ocrx_word' id='word_1_67' title='bbox 948 1121 1079 1199; x_wconf 87' lang='lat' dir='ltr'>praeest,</span> 
     </span>
     <span class='ocr_line' id='line_1_10' title="bbox 110 1216 1080 1303; baseline -0.008 -17"><span class='ocrx_word' id='word_1_68' title='bbox 110 1223 232 1286; x_wconf 88' lang='lat' dir='ltr'>secreta</span> <span class='ocrx_word' id='word_1_69' title='bbox 258 1219 450 1284; x_wconf 83' lang='lat' dir='ltr'>Moniclium</span> <span class='ocrx_word' id='word_1_70' title='bbox 482 1220 630 1303; x_wconf 84' lang='lat' dir='ltr'>suffragia</span> <span class='ocrx_word' id='word_1_71' title='bbox 655 1238 671 1282; x_wconf 91' lang='lat' dir='ltr'>e</span> <span class='ocrx_word' id='word_1_72' title='bbox 701 1216 878 1282; x_wconf 80' lang='lat' dir='ltr'>fenestrelle</span> <span class='ocrx_word' id='word_1_73' title='bbox 909 1216 1080 1300; x_wconf 88' lang='lat' dir='ltr'>colligeret,</span> 
     </span>
     <span class='ocr_line' id='line_1_11' title="bbox 89 1317 577 1399; baseline -0.008 -17"><span class='ocrx_word' id='word_1_74' title='bbox 89 1337 167 1382; x_wconf 89' lang='lat' dir='ltr'>nec</span> <span class='ocrx_word' id='word_1_75' title='bbox 192 1317 329 1380; x_wconf 87' lang='lat' dir='ltr'>claustra</span> <span class='ocrx_word' id='word_1_76' title='bbox 354 1317 577 1399; x_wconf 86' lang='lat' dir='ltr'>ingrederetur.</span> 
     </span>
    </p>

    <p class='ocr_par' dir='ltr' id='par_1_4' title="bbox 110 1411 1081 1591">
     <span class='ocr_line' id='line_1_12' title="bbox 156 1411 1078 1492; baseline -0.004 -14"><span class='ocrx_word' id='word_1_77' title='bbox 156 1415 235 1478; x_wconf 83' lang='lat'><strong>899.</strong></span> <span class='ocrx_word' id='word_1_78' title='bbox 259 1449 304 1458; x_wconf 95' lang='lat'>-</span> <span class='ocrx_word' id='word_1_79' title='bbox 333 1411 388 1475; x_wconf 87' lang='lat' dir='ltr'>IV.</span> <span class='ocrx_word' id='word_1_80' title='bbox 423 1411 597 1492; x_wconf 77' lang='lat' dir='ltr'>Dispositio</span> <span class='ocrx_word' id='word_1_81' title='bbox 631 1413 811 1476; x_wconf 70' lang='lat' dir='ltr'>Trtdcnte&#39;ne&#39;</span> <span class='ocrx_word' id='word_1_82' title='bbox 841 1411 885 1475; x_wconf 84' lang='lat' dir='ltr'>ud</span> <span class='ocrx_word' id='word_1_83' title='bbox 914 1411 1078 1474; x_wconf 76' lang='lat' dir='ltr'>evitandae</span> 
     </span>
     <span class='ocr_line' id='line_1_13' title="bbox 110 1507 1081 1591; baseline -0.006 -15"><span class='ocrx_word' id='word_1_84' title='bbox 110 1512 289 1578; x_wconf 77' lang='lat' dir='ltr'>discordias</span> <span class='ocrx_word' id='word_1_85' title='bbox 312 1514 342 1574; x_wconf 88' lang='lat' dir='ltr'>ct</span> <span class='ocrx_word' id='word_1_86' title='bbox 364 1511 549 1574; x_wconf 76' lang='lat' dir='ltr'>iuimicitias</span> <span class='ocrx_word' id='word_1_87' title='bbox 576 1513 610 1574; x_wconf 77' lang='lat' dir='ltr'>tc</span> <span class='ocrx_word' id='word_1_88' title='bbox 634 1509 812 1591; x_wconf 77' lang='lat' dir='ltr'>Relipr&#39;osos</span> <span class='ocrx_word' id='word_1_89' title='bbox 834 1507 928 1587; x_wconf 83' lang='lat' dir='ltr'>facia,</span> <span class='ocrx_word' id='word_1_90' title='bbox 951 1507 1081 1572; x_wconf 76' lang='lat' dir='ltr'>sustulit</span> 
     </span>
    </p>
   </div>
   <div class='ocr_carea' id='block_1_3' title="bbox 10 1607 1081 1690">
    <p class='ocr_par' dir='ltr' id='par_1_5' title="bbox 10 1607 1081 1690">
     <span class='ocr_line' id='line_1_14' title="bbox 10 1607 1081 1690; baseline -0.002 -18"><span class='ocrx_word' id='word_1_91' title='bbox 10 1623 11 1658; x_wconf 86' lang='lat'>1</span> <span class='ocrx_word' id='word_1_92' title='bbox 111 1609 249 1690; x_wconf 77' lang='lat' dir='ltr'>formam</span> <span class='ocrx_word' id='word_1_93' title='bbox 276 1625 497 1672; x_wconf 78' lang='lat' dir='ltr'>rusernrrrours</span> <span class='ocrx_word' id='word_1_94' title='bbox 520 1627 558 1672; x_wconf 86' lang='lat' dir='ltr'>nr</span> <span class='ocrx_word' id='word_1_95' title='bbox 581 1623 794 1682; x_wconf 84' lang='lat' dir='ltr'>couruomssr,</span> <span class='ocrx_word' id='word_1_96' title='bbox 819 1607 893 1670; x_wconf 93' lang='lat' dir='ltr'>dum</span> <span class='ocrx_word' id='word_1_97' title='bbox 918 1607 997 1670; x_wconf 85' lang='lat' dir='ltr'>liunt</span> <span class='ocrx_word' id='word_1_98' title='bbox 1027 1627 1081 1690; x_wconf 90' lang='lat' dir='ltr'>per</span> 
     </span>
    </p>
   </div>
   <div class='ocr_carea' id='block_1_4' title="bbox 10 1707 1084 3060">
    <p class='ocr_par' dir='ltr' id='par_1_6' title="bbox 110 1707 1083 1980">
     <span class='ocr_line' id='line_1_15' title="bbox 110 1707 1083 1790; baseline -0.006 -16"><span class='ocrx_word' id='word_1_99' title='bbox 110 1711 189 1775; x_wconf 85' lang='lat' dir='ltr'>rota</span> <span class='ocrx_word' id='word_1_100' title='bbox 206 1709 347 1790; x_wconf 87' lang='lat' dir='ltr'>publica:</span> <span class='ocrx_word' id='word_1_101' title='bbox 372 1709 398 1771; x_wconf 90' lang='lat' dir='ltr'>si</span> <span class='ocrx_word' id='word_1_102' title='bbox 423 1709 528 1772; x_wconf 85' lang='lat' dir='ltr'>tamen</span> <span class='ocrx_word' id='word_1_103' title='bbox 552 1707 805 1788; x_wconf 73' lang='lat' dir='ltr'>compromissum</span> <span class='ocrx_word' id='word_1_104' title='bbox 828 1726 912 1770; x_wconf 83' lang='lat' dir='ltr'>more</span> <span class='ocrx_word' id='word_1_105' title='bbox 934 1707 1083 1770; x_wconf 73' lang='lat' dir='ltr'>emolluit</span> 
     </span>
     <span class='ocr_line' id='line_1_16' title="bbox 110 1805 1081 1889; baseline -0.004 -17"><span class='ocrx_word' id='word_1_106' title='bbox 110 1809 169 1874; x_wconf 89' lang='lat' dir='ltr'>fiet</span> <span class='ocrx_word' id='word_1_107' title='bbox 194 1827 248 1889; x_wconf 91' lang='lat' dir='ltr'>per</span> <span class='ocrx_word' id='word_1_108' title='bbox 272 1807 344 1870; x_wconf 85' lang='lat' dir='ltr'>vota</span> <span class='ocrx_word' id='word_1_109' title='bbox 368 1807 497 1882; x_wconf 89' lang='lat' dir='ltr'>secreta,</span> <span class='ocrx_word' id='word_1_110' title='bbox 521 1826 580 1870; x_wconf 93' lang='lat' dir='ltr'>non</span> <span class='ocrx_word' id='word_1_111' title='bbox 604 1808 652 1872; x_wconf 88' lang='lat' dir='ltr'>est</span> <span class='ocrx_word' id='word_1_112' title='bbox 683 1805 842 1869; x_wconf 88' lang='lat' dir='ltr'>sublatum</span> <span class='ocrx_word' id='word_1_113' title='bbox 871 1824 923 1887; x_wconf 89' lang='lat' dir='ltr'>per</span> <span class='ocrx_word' id='word_1_114' title='bbox 953 1805 1081 1870; x_wconf 80' lang='lat' dir='ltr'>Triden-</span> 
     </span>
     <span class='ocr_line' id='line_1_17' title="bbox 110 1904 726 1980; baseline -0.01 -9"><span class='ocrx_word' id='word_1_115' title='bbox 110 1908 227 1980; x_wconf 89' lang='lat' dir='ltr'>tinum,</span> <span class='ocrx_word' id='word_1_116' title='bbox 245 1923 316 1967; x_wconf 91' lang='lat' dir='ltr'>enm</span> <span class='ocrx_word' id='word_1_117' title='bbox 339 1904 421 1967; x_wconf 90' lang='lat' dir='ltr'>idem</span> <span class='ocrx_word' id='word_1_118' title='bbox 445 1904 515 1968; x_wconf 90' lang='lat' dir='ltr'>linis</span> <span class='ocrx_word' id='word_1_119' title='bbox 539 1906 726 1970; x_wconf 80' lang='lat' dir='ltr'>obtineatur.</span> 
     </span>
    </p>

    <p class='ocr_par' dir='ltr' id='par_1_7' title="bbox 10 1997 1084 3060">
     <span class='ocr_line' id='line_1_18' title="bbox 157 1997 1082 2092; baseline -0.002 -26"><span class='ocrx_word' id='word_1_120' title='bbox 157 2003 235 2092; x_wconf 88' lang='grc'><strong>900.</strong></span> <span class='ocrx_word' id='word_1_121' title='bbox 262 2039 304 2046; x_wconf 89' lang='grc'>-</span> <span class='ocrx_word' id='word_1_122' title='bbox 327 2000 366 2064; x_wconf 90' lang='lat' dir='ltr'>V.</span> <span class='ocrx_word' id='word_1_123' title='bbox 397 1997 604 2080; x_wconf 70' lang='lat' dir='ltr'>Confirmatio</span> <span class='ocrx_word' id='word_1_124' title='bbox 635 2002 674 2065; x_wconf 83' lang='lat' dir='ltr'>ab</span> <span class='ocrx_word' id='word_1_125' title='bbox 705 1999 883 2064; x_wconf 78' lang='lat' dir='ltr'>inemcdc&#39;clo</span> <span class='ocrx_word' id='word_1_126' title='bbox 915 2001 1082 2080; x_wconf 65' lang='lat' dir='ltr'>Superiora</span> 
     </span>
     <span class='ocr_line' id='line_1_19' title="bbox 10 2093 327 2181; baseline -0.016 -15"><span class='ocrx_word' id='word_1_127' title='bbox 10 2093 11 2096; x_wconf 44' lang='lat'>&#39;</span> <span class='ocrx_word' id='word_1_128' title='bbox 106 2101 249 2181; x_wconf 79' lang='lat' dir='ltr'>petendu</span> <span class='ocrx_word' id='word_1_129' title='bbox 272 2103 327 2164; x_wconf 85' lang='lat' dir='ltr'>cst.</span> 
     </span>
     <span class='ocr_line' id='line_1_20' title="bbox 10 2193 1083 2263; baseline -0.007 0"><span class='ocrx_word' id='word_1_130' title='bbox 10 2205 11 2208; x_wconf 76' lang='grc'>’</span> <span class='ocrx_word' id='word_1_131' title='bbox 157 2200 235 2263; x_wconf 84' lang='grc'><strong>901.</strong></span> <span class='ocrx_word' id='word_1_132' title='bbox 265 2235 289 2242; x_wconf 86' lang='grc'><strong>-</strong></span> <span class='ocrx_word' id='word_1_133' title='bbox 321 2197 375 2260; x_wconf 87' lang='lat' dir='ltr'>VI.</span> <span class='ocrx_word' id='word_1_134' title='bbox 401 2198 589 2262; x_wconf 84' lang='lat' dir='ltr'>Brucnrcrro</span> <span class='ocrx_word' id='word_1_135' title='bbox 612 2197 768 2262; x_wconf 78' lang='lat' dir='ltr'>Auernum</span> <span class='ocrx_word' id='word_1_136' title='bbox 791 2197 1000 2262; x_wconf 76' lang='lat' dir='ltr'>characterem</span> <span class='ocrx_word' id='word_1_137' title='bbox 1025 2193 1083 2258; x_wconf 82' lang='lat' dir='ltr'>Or-</span> 
     </span>
     <span class='ocr_line' id='line_1_21' title="bbox 111 2296 1082 2380; baseline -0.005 -20"><span class='ocrx_word' id='word_1_138' title='bbox 111 2298 200 2360; x_wconf 77' lang='lat' dir='ltr'>dinis</span> <span class='ocrx_word' id='word_1_139' title='bbox 223 2317 287 2360; x_wconf 80' lang='lat' dir='ltr'>coa</span> <span class='ocrx_word' id='word_1_140' title='bbox 310 2296 471 2376; x_wconf 74' lang='lat' dir='ltr'>imprimit,</span> <span class='ocrx_word' id='word_1_141' title='bbox 490 2298 521 2359; x_wconf 92' lang='lat' dir='ltr'>et</span> <span class='ocrx_word' id='word_1_142' title='bbox 545 2297 639 2359; x_wconf 87' lang='lat' dir='ltr'>ferme</span> <span class='ocrx_word' id='word_1_143' title='bbox 662 2297 700 2359; x_wconf 89' lang='lat' dir='ltr'>in·</span> <span class='ocrx_word' id='word_1_144' title='bbox 718 2315 752 2360; x_wconf 91' lang='lat' dir='ltr'>eo</span> <span class='ocrx_word' id='word_1_145' title='bbox 777 2297 903 2360; x_wconf 87' lang='lat' dir='ltr'>tantum</span> <span class='ocrx_word' id='word_1_146' title='bbox 926 2311 1082 2380; x_wconf 88' lang='lat' dir='ltr'>consecra-</span> 
     </span>
     <span class='ocr_line' id='line_1_22' title="bbox 111 2391 1083 2476; baseline -0.006 -16"><span class='ocrx_word' id='word_1_147' title='bbox 111 2397 232 2462; x_wconf 92' lang='lat' dir='ltr'>tionem</span> <span class='ocrx_word' id='word_1_148' title='bbox 256 2395 405 2476; x_wconf 90' lang='lat' dir='ltr'>sequitur,</span> <span class='ocrx_word' id='word_1_149' title='bbox 424 2394 506 2476; x_wconf 91' lang='lat' dir='ltr'>quod</span> <span class='ocrx_word' id='word_1_150' title='bbox 529 2393 670 2458; x_wconf 88' lang='lat' dir='ltr'>iteranda</span> <span class='ocrx_word' id='word_1_151' title='bbox 690 2413 749 2458; x_wconf 93' lang='lat' dir='ltr'>non</span> <span class='ocrx_word' id='word_1_152' title='bbox 766 2394 818 2469; x_wconf 90' lang='lat' dir='ltr'>sit,</span> <span class='ocrx_word' id='word_1_153' title='bbox 836 2393 961 2456; x_wconf 83' lang='lat' dir='ltr'>etiamsi</span> <span class='ocrx_word' id='word_1_154' title='bbox 976 2391 1083 2455; x_wconf 85' lang='lat' dir='ltr'>Abbas</span> 
     </span>
     <span class='ocr_line' id='line_1_23' title="bbox 111 2492 844 2575; baseline -0.005 -17"><span class='ocrx_word' id='word_1_155' title='bbox 111 2493 152 2558; x_wconf 86' lang='lat' dir='ltr'>ed</span> <span class='ocrx_word' id='word_1_156' title='bbox 177 2493 308 2557; x_wconf 88' lang='lat' dir='ltr'>alterius</span> <span class='ocrx_word' id='word_1_157' title='bbox 331 2492 514 2556; x_wconf 89' lang='lat' dir='ltr'>Moneeterii</span> <span class='ocrx_word' id='word_1_158' title='bbox 538 2492 675 2575; x_wconf 84' lang='lat' dir='ltr'>regimen</span> <span class='ocrx_word' id='word_1_159' title='bbox 699 2493 844 2575; x_wconf 84' lang='lat' dir='ltr'>eligatur.</span> 
     </span>
     <span class='ocr_line' id='line_1_24' title="bbox 11 2587 1082 2671; baseline -0.006 -13"><span class='ocrx_word' id='word_1_160' title='bbox 11 2655 12 2658; x_wconf 74' lang='grc'>,</span> <span class='ocrx_word' id='word_1_161' title='bbox 157 2593 235 2655; x_wconf 86' lang='grc'><strong>902.</strong></span> <span class='ocrx_word' id='word_1_162' title='bbox 255 2627 296 2638; x_wconf 93' lang='lat'>-</span> <span class='ocrx_word' id='word_1_163' title='bbox 321 2590 390 2652; x_wconf 87' lang='lat' dir='ltr'>Vll.</span> <span class='ocrx_word' id='word_1_164' title='bbox 408 2589 602 2654; x_wconf 80' lang='lat' dir='ltr'>Anunrrssne</span> <span class='ocrx_word' id='word_1_165' title='bbox 626 2611 744 2671; x_wconf 79' lang='lat' dir='ltr'>quoquc</span> <span class='ocrx_word' id='word_1_166' title='bbox 767 2587 990 2654; x_wconf 76' lang='lat' dir='ltr'>nonnullorum</span> <span class='ocrx_word' id='word_1_167' title='bbox 1010 2588 1082 2652; x_wconf 85' lang='lat' dir='ltr'>Mo-</span> 
     </span>
     <span class='ocr_line' id='line_1_25' title="bbox 11 2688 1083 2770; baseline -0.005 -16"><span class='ocrx_word' id='word_1_168' title='bbox 11 2715 12 2718; x_wconf 45' lang='lat'><em>*</em></span> <span class='ocrx_word' id='word_1_169' title='bbox 111 2693 326 2754; x_wconf 72' lang='lat' dir='ltr'>austeriorem</span> <span class='ocrx_word' id='word_1_170' title='bbox 347 2689 485 2752; x_wconf 76' lang='lat' dir='ltr'>benedici</span> <span class='ocrx_word' id='word_1_171' title='bbox 507 2688 607 2752; x_wconf 87' lang='lat' dir='ltr'>solent</span> <span class='ocrx_word' id='word_1_172' title='bbox 632 2709 685 2770; x_wconf 91' lang='lat' dir='ltr'>per</span> <span class='ocrx_word' id='word_1_173' title='bbox 701 2709 821 2753; x_wconf 82' lang='lat' dir='ltr'>sacrem</span> <span class='ocrx_word' id='word_1_174' title='bbox 845 2689 1083 2762; x_wconf 82' lang='lat' dir='ltr'>caeremoniam,</span> 
     </span>
     <span class='ocr_line' id='line_1_26' title="bbox 10 2777 1083 2868; baseline -0.002 -18"><span class='ocrx_word' id='word_1_175' title='bbox 10 2777 12 2816; x_wconf 70' lang='lat'><em>⁴</em></span> <span class='ocrx_word' id='word_1_176' title='bbox 112 2789 143 2852; x_wconf 93' lang='lat' dir='ltr'>in</span> <span class='ocrx_word' id='word_1_177' title='bbox 160 2806 224 2868; x_wconf 88' lang='lat' dir='ltr'>qua</span> <span class='ocrx_word' id='word_1_178' title='bbox 248 2786 417 2868; x_wconf 79' lang='lat' dir='ltr'>Episcopus</span> <span class='ocrx_word' id='word_1_179' title='bbox 441 2787 511 2850; x_wconf 90' lang='lat' dir='ltr'>orat</span> <span class='ocrx_word' id='word_1_180' title='bbox 534 2787 571 2848; x_wconf 93' lang='lat' dir='ltr'>ut</span> <span class='ocrx_word' id='word_1_181' title='bbox 586 2785 753 2850; x_wconf 85' lang='lat' dir='ltr'>Abbatisse</span> <span class='ocrx_word' id='word_1_182' title='bbox 776 2785 874 2850; x_wconf 88' lang='lat' dir='ltr'>electa</span> <span class='ocrx_word' id='word_1_183' title='bbox 891 2784 1083 2848; x_wconf 87' lang='lat' dir='ltr'>Monialibus</span> 
     </span>
     <span class='ocr_line' id='line_1_27' title="bbox 10 2875 1082 2966; baseline -0.007 -16"><span class='ocrx_word' id='word_1_184' title='bbox 10 2875 11 2878; x_wconf 27' lang='lat'>¹</span> <span class='ocrx_word' id='word_1_185' title='bbox 113 2886 172 2950; x_wconf 90' lang='lat' dir='ltr'>sibi</span> <span class='ocrx_word' id='word_1_186' title='bbox 196 2883 321 2948; x_wconf 89' lang='lat' dir='ltr'>creditis</span> <span class='ocrx_word' id='word_1_187' title='bbox 339 2885 385 2966; x_wconf 90' lang='lat' dir='ltr'>pie</span> <span class='ocrx_word' id='word_1_188' title='bbox 409 2884 574 2964; x_wconf 84' lang='lat' dir='ltr'>sancteque</span> <span class='ocrx_word' id='word_1_189' title='bbox 594 2883 748 2966; x_wconf 85' lang='lat' dir='ltr'>invigilet</span> <span class='ocrx_word' id='word_1_190' title='bbox 774 2882 811 2946; x_wconf 81' lang='lat' dir='ltr'>Si</span> <span class='ocrx_word' id='word_1_191' title='bbox 829 2881 1019 2945; x_wconf 80' lang='lat' dir='ltr'>Abbatiesec</span> <span class='ocrx_word' id='word_1_192' title='bbox 1036 2881 1082 2944; x_wconf 89' lang='lat' dir='ltr'>be·</span> 
     </span>
     <span class='ocr_line' id='line_1_28' title="bbox 114 2978 1084 3060; baseline -0.006 -12"><span class='ocrx_word' id='word_1_193' title='bbox 114 2983 218 3048; x_wconf 74' lang='lat' dir='ltr'>ecdici</span> <span class='ocrx_word' id='word_1_194' title='bbox 240 2980 349 3044; x_wconf 75' lang='lat' dir='ltr'>solitae</span> <span class='ocrx_word' id='word_1_195' title='bbox 372 2978 462 3059; x_wconf 75' lang='lat' dir='ltr'>infre</span> <span class='ocrx_word' id='word_1_196' title='bbox 484 3001 604 3044; x_wconf 81' lang='lat' dir='ltr'>cauum</span> <span class='ocrx_word' id='word_1_197' title='bbox 624 3003 644 3043; x_wconf 85' lang='lat' dir='ltr'><em>a</em></span> <span class='ocrx_word' id='word_1_198' title='bbox 664 2981 714 3044; x_wconf 81' lang='lat' dir='ltr'>dic</span> <span class='ocrx_word' id='word_1_199' title='bbox 737 2981 985 3060; x_wconf 74' lang='lat' dir='ltr'>confirmationis</span> <span class='ocrx_word' id='word_1_200' title='bbox 1008 2999 1084 3042; x_wconf 81' lang='lat' dir='ltr'>suec</span> 
     </span>
    </p>
   </div>
   <div class='ocr_carea' id='block_1_5' title="bbox 10 3077 1083 3260">
    <p class='ocr_par' dir='ltr' id='par_1_8' title="bbox 10 3077 1083 3260">
     <span class='ocr_line' id='line_1_29' title="bbox 10 3077 1083 3159; baseline -0.009 -9"><span class='ocrx_word' id='word_1_201' title='bbox 10 3105 11 3150; x_wconf 82' lang='lat'>3</span> <span class='ocrx_word' id='word_1_202' title='bbox 114 3079 356 3145; x_wconf 79' lang='lat' dir='ltr'>benedictionem</span> <span class='ocrx_word' id='word_1_203' title='bbox 382 3081 488 3158; x_wconf 81' lang='lat' dir='ltr'>petere</span> <span class='ocrx_word' id='word_1_204' title='bbox 519 3077 691 3159; x_wconf 68' lang='lat' dir='ltr'>recrepant,</span> <span class='ocrx_word' id='word_1_205' title='bbox 726 3078 870 3142; x_wconf 82' lang='lat' dir='ltr'>excidunt</span> <span class='ocrx_word' id='word_1_206' title='bbox 902 3077 987 3141; x_wconf 90' lang='lat' dir='ltr'>omni</span> <span class='ocrx_word' id='word_1_207' title='bbox 1017 3078 1083 3141; x_wconf 89' lang='lat' dir='ltr'>iure</span> 
     </span>
     <span class='ocr_line' id='line_1_30' title="bbox 10 3173 1081 3260; baseline -0.002 -20"><span class='ocrx_word' id='word_1_208' title='bbox 10 3245 11 3248; x_wconf 49' lang='lat'>,</span> <span class='ocrx_word' id='word_1_209' title='bbox 115 3178 197 3259; x_wconf 86' lang='lat' dir='ltr'>quod</span> <span class='ocrx_word' id='word_1_210' title='bbox 214 3177 423 3257; x_wconf 89' lang='lat' dir='ltr'>consequutee</span> <span class='ocrx_word' id='word_1_211' title='bbox 435 3175 559 3239; x_wconf 83' lang='lat' dir='ltr'>fuerant</span> <span class='ocrx_word' id='word_1_212' title='bbox 572 3173 747 3260; x_wconf 80' lang='lat' dir='ltr'>(Clement,</span> <span class='ocrx_word' id='word_1_213' title='bbox 761 3175 842 3240; x_wconf 74' lang='lat' dir='ltr'>2⁸de</span> <span class='ocrx_word' id='word_1_214' title='bbox 855 3175 948 3240; x_wconf 84' lang='lat' dir='ltr'>Statu</span> <span class='ocrx_word' id='word_1_215' title='bbox 960 3175 1081 3238; x_wconf 89' lang='lat' dir='ltr'>Monac.</span> 
     </span>
    </p>
   </div>
   <div class='ocr_carea' id='block_1_6' title="bbox 115 3271 1086 3356">
    <p class='ocr_par' dir='ltr' id='par_1_9' title="bbox 115 3271 1086 3356">
     <span class='ocr_line' id='line_1_31' title="bbox 115 3271 1086 3356; baseline -0.004 -18"><span class='ocrx_word' id='word_1_216' title='bbox 115 3277 146 3338; x_wconf 92' lang='lat' dir='ltr'>et</span> <span class='ocrx_word' id='word_1_217' title='bbox 170 3273 316 3337; x_wconf 82' lang='lat' dir='ltr'>Canonic.</span> <span class='ocrx_word' id='word_1_218' title='bbox 342 3273 478 3356; x_wconf 85' lang='lat' dir='ltr'>Regul.).</span> <span class='ocrx_word' id='word_1_219' title='bbox 503 3271 567 3336; x_wconf 78' lang='lat' dir='ltr'>Sec</span> <span class='ocrx_word' id='word_1_220' title='bbox 592 3271 775 3336; x_wconf 81' lang='lat' dir='ltr'>Abbclr&#39;ssc&#39;s</span> <span class='ocrx_word' id='word_1_221' title='bbox 804 3274 840 3336; x_wconf 81' lang='lat' dir='ltr'>ele</span> <span class='ocrx_word' id='word_1_222' title='bbox 863 3271 1024 3336; x_wconf 69' lang='lat' dir='ltr'>Martiales</span> <span class='ocrx_word' id='word_1_223' title='bbox 1055 3275 1086 3336; x_wconf 86' lang='lat' dir='ltr'>et</span> 
     </span>
    </p>
   </div>
   <div class='ocr_carea' id='block_1_7' title="bbox 10 3368 1086 3647">
    <p class='ocr_par' dir='ltr' id='par_1_10' title="bbox 10 3368 1086 3652">
     <span class='ocr_line' id='line_1_32' title="bbox 10 3368 1084 3456; baseline -0.003 -23"><span class='ocrx_word' id='word_1_224' title='bbox 10 3405 12 3456; x_wconf 72' lang='lat' dir='ltr'>i</span> <span class='ocrx_word' id='word_1_225' title='bbox 120 3369 259 3434; x_wconf 78' lang='lat' dir='ltr'>Clericus</span> <span class='ocrx_word' id='word_1_226' title='bbox 274 3369 473 3434; x_wconf 59' lang='lat' dir='ltr'>monasterio</span> <span class='ocrx_word' id='word_1_227' title='bbox 488 3369 628 3432; x_wconf 77' lang='lat' dir='ltr'>addictos</span> <span class='ocrx_word' id='word_1_228' title='bbox 650 3368 742 3432; x_wconf 77' lang='lat' dir='ltr'>aelle</span> <span class='ocrx_word' id='word_1_229' title='bbox 766 3373 812 3434; x_wconf 80' lang='lat' dir='ltr'>cet</span> <span class='ocrx_word' id='word_1_230' title='bbox 834 3369 1008 3432; x_wconf 74' lang='lat' dir='ltr'>iurisdictio</span> <span class='ocrx_word' id='word_1_231' title='bbox 1023 3369 1084 3448; x_wconf 62' lang='lat' dir='ltr'>spo&gt;</span> 
     </span>
     <span class='ocr_line' id='line_1_33' title="bbox 10 3466 1086 3552; baseline -0.003 -21"><span class='ocrx_word' id='word_1_232' title='bbox 10 3493 12 3552; x_wconf 51' lang='lat'><strong><em>4</em></strong></span> <span class='ocrx_word' id='word_1_233' title='bbox 116 3467 256 3546; x_wconf 66' lang='lat' dir='ltr'>rituales,</span> <span class='ocrx_word' id='word_1_234' title='bbox 290 3467 334 3530; x_wconf 85' lang='lat' dir='ltr'>ud</span> <span class='ocrx_word' id='word_1_235' title='bbox 367 3487 461 3547; x_wconf 79' lang='lat' dir='ltr'>quara</span> <span class='ocrx_word' id='word_1_236' title='bbox 495 3467 707 3546; x_wconf 65' lang='lat' dir='ltr'>acceptandam</span> <span class='ocrx_word' id='word_1_237' title='bbox 737 3466 891 3546; x_wconf 79' lang='lat' dir='ltr'>foeminae</span> <span class='ocrx_word' id='word_1_238' title='bbox 924 3487 987 3530; x_wconf 79' lang='lat' dir='ltr'>coc</span> <span class='ocrx_word' id='word_1_239' title='bbox 1010 3469 1086 3529; x_wconf 81' lang='lat' dir='ltr'>sant</span> 
     </span>
     <span class='ocr_line' id='line_1_34' title="bbox 116 3563 1069 3647; baseline -0.005 -16.5"><span class='ocrx_word' id='word_1_240' title='bbox 116 3566 264 3630; x_wconf 75' lang='lat' dir='ltr'>idoneae:</span> <span class='ocrx_word' id='word_1_241' title='bbox 289 3563 508 3629; x_wconf 84' lang='lat' dir='ltr'>tantummodo</span> <span class='ocrx_word' id='word_1_242' title='bbox 540 3563 710 3647; x_wconf 85' lang='lat' dir='ltr'>quidquam</span> <span class='ocrx_word' id='word_1_243' title='bbox 736 3566 841 3628; x_wconf 84' lang='lat' dir='ltr'>vetare</span> <span class='ocrx_word' id='word_1_244' title='bbox 871 3564 1002 3646; x_wconf 90' lang='lat' dir='ltr'>possunt</span> <span class='ocrx_word' id='word_1_245' title='bbox 1029 3581 1069 3626; x_wconf 87' lang='lat' dir='ltr'>au</span> 
     </span>
    </p>
   </div>
   <div class='ocr_carea' id='block_1_8' title="bbox 117 3660 1085 3746">
    <p class='ocr_par' dir='ltr' id='par_1_11' title="bbox 117 3660 1085 3746">
     <span class='ocr_line' id='line_1_35' title="bbox 117 3660 1085 3746; baseline -0.001 -21"><span class='ocrx_word' id='word_1_246' title='bbox 117 3663 232 3740; x_wconf 90' lang='lat' dir='ltr'>iubere,</span> <span class='ocrx_word' id='word_1_247' title='bbox 246 3681 368 3727; x_wconf 90' lang='lat' dir='ltr'>monere</span> <span class='ocrx_word' id='word_1_248' title='bbox 385 3664 417 3726; x_wconf 91' lang='lat' dir='ltr'>et</span> <span class='ocrx_word' id='word_1_249' title='bbox 433 3662 595 3746; x_wconf 85' lang='lat' dir='ltr'>corrigere,</span> <span class='ocrx_word' id='word_1_250' title='bbox 612 3661 695 3744; x_wconf 89' lang='lat' dir='ltr'>quod</span> <span class='ocrx_word' id='word_1_251' title='bbox 711 3663 827 3744; x_wconf 90' lang='lat' dir='ltr'>passim</span> <span class='ocrx_word' id='word_1_252' title='bbox 843 3662 973 3726; x_wconf 88' lang='lat' dir='ltr'>tradunt</span> <span class='ocrx_word' id='word_1_253' title='bbox 988 3660 1085 3724; x_wconf 88' lang='lat' dir='ltr'>Inter·</span> 
     </span>
    </p>
   </div>
   <div class='ocr_carea' id='block_1_9' title="bbox 172 3819 398 3864">
    <p class='ocr_par' dir='ltr' id='par_1_12' title="bbox 172 3819 398 3864">
     <span class='ocr_line' id='line_1_36' title="bbox 172 3819 398 3864; baseline 0.009 -5"><span class='ocrx_word' id='word_1_254' title='bbox 172 3821 199 3864; x_wconf 73' lang='grc'>20</span> <span class='ocrx_word' id='word_1_255' title='bbox 213 3841 240 3852; x_wconf 89' lang='grc'>-</span> <span class='ocrx_word' id='word_1_256' title='bbox 256 3819 322 3860; x_wconf 63' lang='lat' dir='ltr'>Iuris</span> <span class='ocrx_word' id='word_1_257' title='bbox 340 3819 398 3862; x_wconf 79' lang='lat' dir='ltr'>Can.</span> 
     </span>
    </p>
   </div>
   <div class='ocr_carea' id='block_1_10' title="bbox 0 0 1394 4270">
    <p class='ocr_par' dir='ltr' id='par_1_13' title="bbox 0 0 1394 4270">
     <span class='ocr_line' id='line_1_37' title="bbox 0 0 1394 4270; baseline 0 0"><span class='ocrx_word' id='word_1_258' title='bbox 0 0 1394 4270; x_wconf 95' lang='lat' dir='ltr'> </span> 
     </span>
    </p>
   </div>
  </div>
 </body>
</html>
