<?xml version="1.0" encoding="UTF-8"?>
<!DOCTYPE html PUBLIC "-//W3C//DTD XHTML 1.0 Transitional//EN"
    "http://www.w3.org/TR/xhtml1/DTD/xhtml1-transitional.dtd">
<html xmlns="http://www.w3.org/1999/xhtml" xml:lang="en" lang="en">
 <head>
  <title>
</title>
<meta http-equiv="Content-Type" content="text/html;charset=utf-8" />
  <meta name='ocr-system' content='tesseract 3.04.00' />
  <meta name='ocr-capabilities' content='ocr_page ocr_carea ocr_par ocr_line ocrx_word'/>
</head>
<body>
  <div class='ocr_page' id='page_1' title='image "./compendiumiuris00tutgoog_0191.png"; bbox 0 0 2750 4270; ppageno 0'>
   <div class='ocr_carea' id='block_1_1' title="bbox 302 209 1141 262">
    <p class='ocr_par' dir='ltr' id='par_1_1' title="bbox 302 209 1141 262">
     <span class='ocr_line' id='line_1_1' title="bbox 302 209 1141 262; baseline -0.005 0"><span class='ocrx_word' id='word_1_1' title='bbox 302 209 352 262; x_wconf 79' lang='lat'>182</span> <span class='ocrx_word' id='word_1_2' title='bbox 434 211 608 260; x_wconf 78' lang='lat' dir='ltr'>TRAGTATUS</span> <span class='ocrx_word' id='word_1_3' title='bbox 632 214 671 260; x_wconf 84' lang='lat' dir='ltr'>DE</span> <span class='ocrx_word' id='word_1_4' title='bbox 696 213 886 261; x_wconf 80' lang='lat' dir='ltr'><strong>HIERARCHIA</strong></span> <span class='ocrx_word' id='word_1_5' title='bbox 908 213 1141 260; x_wconf 82' lang='lat' dir='ltr'>IURISDICTIONIS</span> 
     </span>
    </p>
   </div>
   <div class='ocr_carea' id='block_1_2' title="bbox 297 409 1349 587">
    <p class='ocr_par' dir='ltr' id='par_1_2' title="bbox 297 409 1349 587">
     <span class='ocr_line' id='line_1_2' title="bbox 344 409 1347 519; baseline 0.001 -46"><span class='ocrx_word' id='word_1_6' title='bbox 344 411 419 474; x_wconf 90' lang='grc'><strong>526.</strong></span> <span class='ocrx_word' id='word_1_7' title='bbox 456 449 494 458; x_wconf 82' lang='lat'>-</span> <span class='ocrx_word' id='word_1_8' title='bbox 524 415 574 478; x_wconf 89' lang='grc'>133</span> <span class='ocrx_word' id='word_1_9' title='bbox 607 414 765 480; x_wconf 83' lang='lat' dir='ltr'>iudicandi</span> <span class='ocrx_word' id='word_1_10' title='bbox 800 415 832 480; x_wconf 86' lang='lat' dir='ltr'>et</span> <span class='ocrx_word' id='word_1_11' title='bbox 863 413 1023 494; x_wconf 79' lang='lat' dir='ltr'>puniendi.</span> <span class='ocrx_word' id='word_1_12' title='bbox 1051 447 1091 458; x_wconf 78' lang='lat'><em>-</em></span> <span class='ocrx_word' id='word_1_13' title='bbox 1117 413 1141 474; x_wconf 94' lang='grc' dir='ltr'>Ι.</span> <span class='ocrx_word' id='word_1_14' title='bbox 1177 409 1261 474; x_wconf 81' lang='lat' dir='ltr'>Setis</span> <span class='ocrx_word' id='word_1_15' title='bbox 1346 492 1347 519; x_wconf 14' lang='grc' dir='ltr'><strong>χ</strong></span> 
     </span>
     <span class='ocr_line' id='line_1_3' title="bbox 297 509 1349 587; baseline -0.001 -14"><span class='ocrx_word' id='word_1_16' title='bbox 297 511 359 573; x_wconf 79' lang='lat' dir='ltr'>erit</span> <span class='ocrx_word' id='word_1_17' title='bbox 380 511 437 574; x_wconf 88' lang='lat' dir='ltr'>hoc</span> <span class='ocrx_word' id='word_1_18' title='bbox 460 510 526 574; x_wconf 89' lang='lat' dir='ltr'>loeo</span> <span class='ocrx_word' id='word_1_19' title='bbox 550 511 714 575; x_wconf 84' lang='lat' dir='ltr'>admonere</span> <span class='ocrx_word' id='word_1_20' title='bbox 731 531 841 575; x_wconf 88' lang='grc'><strong>33333</strong></span> <span class='ocrx_word' id='word_1_21' title='bbox 865 529 970 574; x_wconf 89' lang='lat' dir='ltr'>omnes</span> <span class='ocrx_word' id='word_1_22' title='bbox 987 511 1026 574; x_wconf 86' lang='lat' dir='ltr'>sd</span> <span class='ocrx_word' id='word_1_23' title='bbox 1044 509 1146 574; x_wconf 82' lang='lat' dir='ltr'>iorum</span> <span class='ocrx_word' id='word_1_24' title='bbox 1168 510 1261 574; x_wconf 89' lang='lat' dir='ltr'>ecele-</span> <span class='ocrx_word' id='word_1_25' title='bbox 1347 538 1349 587; x_wconf 67' lang='lat' dir='ltr'>q</span> 
     </span>
    </p>
   </div>
   <div class='ocr_carea' id='block_1_3' title="bbox 297 607 1349 690">
    <p class='ocr_par' dir='ltr' id='par_1_3' title="bbox 297 607 1349 690">
     <span class='ocr_line' id='line_1_4' title="bbox 297 607 1349 690; baseline -0.002 -19"><span class='ocrx_word' id='word_1_26' title='bbox 297 607 458 672; x_wconf 90' lang='lat' dir='ltr'>siastieum</span> <span class='ocrx_word' id='word_1_27' title='bbox 475 609 690 689; x_wconf 88' lang='lat' dir='ltr'>quoquomodo</span> <span class='ocrx_word' id='word_1_28' title='bbox 707 609 905 690; x_wconf 72' lang='lat' dir='ltr'>pertinentes,</span> <span class='ocrx_word' id='word_1_29' title='bbox 929 609 1054 672; x_wconf 92' lang='lat' dir='ltr'>etiamsi</span> <span class='ocrx_word' id='word_1_30' title='bbox 1072 607 1263 672; x_wconf 88' lang='lat' dir='ltr'>beneficiales</span> <span class='ocrx_word' id='word_1_31' title='bbox 1348 639 1349 642; x_wconf 33' lang='lat'>¹</span> 
     </span>
    </p>
   </div>
   <div class='ocr_carea' id='block_1_4' title="bbox 297 705 1262 786">
    <p class='ocr_par' dir='ltr' id='par_1_4' title="bbox 297 705 1262 786">
     <span class='ocr_line' id='line_1_5' title="bbox 297 705 1262 786; baseline -0.002 -18"><span class='ocrx_word' id='word_1_32' title='bbox 297 707 370 779; x_wconf 91' lang='lat' dir='ltr'>sint,</span> <span class='ocrx_word' id='word_1_33' title='bbox 394 705 530 786; x_wconf 88' lang='lat' dir='ltr'>itemque</span> <span class='ocrx_word' id='word_1_34' title='bbox 555 706 800 770; x_wconf 74' lang='lat' dir='ltr'>matrimoniales</span> <span class='ocrx_word' id='word_1_35' title='bbox 824 707 856 769; x_wconf 91' lang='grc'>33</span> <span class='ocrx_word' id='word_1_36' title='bbox 879 705 1055 769; x_wconf 77' lang='lat' dir='ltr'>criminales</span> <span class='ocrx_word' id='word_1_37' title='bbox 1079 705 1118 768; x_wconf 87' lang='lat' dir='ltr'>ab</span> <span class='ocrx_word' id='word_1_38' title='bbox 1134 705 1262 768; x_wconf 90' lang='lat' dir='ltr'>Ordina-</span> 
     </span>
    </p>
   </div>
   <div class='ocr_carea' id='block_1_5' title="bbox 297 801 1351 884">
    <p class='ocr_par' dir='ltr' id='par_1_5' title="bbox 297 801 1351 884">
     <span class='ocr_line' id='line_1_6' title="bbox 297 801 1351 884; baseline -0.002 -18"><span class='ocrx_word' id='word_1_39' title='bbox 297 803 351 866; x_wconf 90' lang='lat' dir='ltr'>riis</span> <span class='ocrx_word' id='word_1_40' title='bbox 374 801 526 866; x_wconf 83' lang='lat' dir='ltr'>Locorum</span> <span class='ocrx_word' id='word_1_41' title='bbox 551 804 581 866; x_wconf 94' lang='lat' dir='ltr'>in</span> <span class='ocrx_word' id='word_1_42' title='bbox 606 803 706 884; x_wconf 87' lang='lat' dir='ltr'>prime</span> <span class='ocrx_word' id='word_1_43' title='bbox 730 804 880 868; x_wconf 87' lang='lat' dir='ltr'>instantia</span> <span class='ocrx_word' id='word_1_44' title='bbox 912 803 1139 884; x_wconf 84' lang='lat' dir='ltr'>cognoscendas</span> <span class='ocrx_word' id='word_1_45' title='bbox 1169 803 1263 883; x_wconf 87' lang='lat' dir='ltr'>atque</span> <span class='ocrx_word' id='word_1_46' title='bbox 1350 812 1351 874; x_wconf 74' lang='grc' dir='ltr'><strong>Ῑ</strong></span> 
     </span>
    </p>
   </div>
   <div class='ocr_carea' id='block_1_6' title="bbox 295 891 1352 3232">
    <p class='ocr_par' dir='ltr' id='par_1_6' title="bbox 297 891 1352 1084">
     <span class='ocr_line' id='line_1_7' title="bbox 297 891 1352 982; baseline -0.003 -20"><span class='ocrx_word' id='word_1_47' title='bbox 297 899 483 963; x_wconf 86' lang='lat' dir='ltr'>definiendas</span> <span class='ocrx_word' id='word_1_48' title='bbox 506 919 581 974; x_wconf 90' lang='lat' dir='ltr'>esse,</span> <span class='ocrx_word' id='word_1_49' title='bbox 606 900 689 980; x_wconf 91' lang='lat' dir='ltr'>qnod</span> <span class='ocrx_word' id='word_1_50' title='bbox 713 899 893 964; x_wconf 77' lang='lat' dir='ltr'>Tridentino</span> <span class='ocrx_word' id='word_1_51' title='bbox 910 899 1065 982; x_wconf 37' lang='lat' dir='ltr'>,Synodus</span> <span class='ocrx_word' id='word_1_52' title='bbox 1086 899 1180 962; x_wconf 83' lang='lat' dir='ltr'>edixit</span> <span class='ocrx_word' id='word_1_53' title='bbox 1196 917 1263 976; x_wconf 78' lang='lat' dir='ltr'>cap.</span> <span class='ocrx_word' id='word_1_54' title='bbox 1350 891 1352 956; x_wconf 83' lang='grc'>3</span> 
     </span>
     <span class='ocr_line' id='line_1_8' title="bbox 297 996 1351 1084; baseline 0.001 -25"><span class='ocrx_word' id='word_1_55' title='bbox 297 1001 352 1072; x_wconf 80' lang='grc'>20,</span> <span class='ocrx_word' id='word_1_56' title='bbox 376 1017 452 1062; x_wconf 88' lang='grc'><strong>3333.</strong></span> <span class='ocrx_word' id='word_1_57' title='bbox 475 1001 532 1073; x_wconf 76' lang='grc'>24,</span> <span class='ocrx_word' id='word_1_58' title='bbox 556 997 592 1060; x_wconf 86' lang='lat' dir='ltr'>dc</span> <span class='ocrx_word' id='word_1_59' title='bbox 616 996 759 1076; x_wconf 77' lang='lat' dir='ltr'>Reform.</span> <span class='ocrx_word' id='word_1_60' title='bbox 1350 1081 1351 1084; x_wconf 8' lang='grc' dir='ltr'><strong>Ἴ</strong></span> 
     </span>
    </p>

    <p class='ocr_par' dir='ltr' id='par_1_7' title="bbox 295 1094 1352 2058">
     <span class='ocr_line' id='line_1_9' title="bbox 344 1094 1352 1178; baseline 0 -22"><span class='ocrx_word' id='word_1_61' title='bbox 344 1095 418 1158; x_wconf 89' lang='grc'><strong>527.</strong></span> <span class='ocrx_word' id='word_1_62' title='bbox 445 1132 483 1140; x_wconf 83' lang='grc'><strong>-</strong></span> <span class='ocrx_word' id='word_1_63' title='bbox 509 1096 550 1158; x_wconf 90' lang='lat' dir='ltr'>Il.</span> <span class='ocrx_word' id='word_1_64' title='bbox 575 1095 737 1159; x_wconf 87' lang='lat' dir='ltr'>Praeterea</span> <span class='ocrx_word' id='word_1_65' title='bbox 761 1095 842 1159; x_wconf 87' lang='lat' dir='ltr'>sient</span> <span class='ocrx_word' id='word_1_66' title='bbox 858 1097 888 1160; x_wconf 94' lang='lat' dir='ltr'>in</span> <span class='ocrx_word' id='word_1_67' title='bbox 905 1095 1059 1178; x_wconf 74' lang='lat' dir='ltr'>potestate</span> <span class='ocrx_word' id='word_1_68' title='bbox 1075 1094 1199 1158; x_wconf 90' lang='lat' dir='ltr'>iubendi</span> <span class='ocrx_word' id='word_1_69' title='bbox 1215 1094 1261 1156; x_wconf 90' lang='lat' dir='ltr'>iu·</span> <span class='ocrx_word' id='word_1_70' title='bbox 1350 1149 1352 1170; x_wconf 72' lang='lat'>,</span> 
     </span>
     <span class='ocr_line' id='line_1_10' title="bbox 298 1177 1352 1274; baseline -0.004 -18"><span class='ocrx_word' id='word_1_71' title='bbox 298 1193 479 1274; x_wconf 81' lang='lat' dir='ltr'>dicendique</span> <span class='ocrx_word' id='word_1_72' title='bbox 503 1193 625 1274; x_wconf 91' lang='lat' dir='ltr'>penitus</span> <span class='ocrx_word' id='word_1_73' title='bbox 648 1193 742 1256; x_wconf 89' lang='lat' dir='ltr'>insita</span> <span class='ocrx_word' id='word_1_74' title='bbox 766 1195 814 1256; x_wconf 91' lang='lat' dir='ltr'>est</span> <span class='ocrx_word' id='word_1_75' title='bbox 837 1194 976 1270; x_wconf 78' lang='grc'><strong>33333333</strong></span> <span class='ocrx_word' id='word_1_76' title='bbox 1000 1193 1173 1265; x_wconf 76' lang='grc'><strong>3333333333,</strong></span> <span class='ocrx_word' id='word_1_77' title='bbox 1202 1210 1262 1272; x_wconf 89' lang='lat' dir='ltr'>qna</span> <span class='ocrx_word' id='word_1_78' title='bbox 1350 1177 1352 1214; x_wconf 64' lang='lat'>³</span> 
     </span>
     <span class='ocr_line' id='line_1_11' title="bbox 297 1281 1351 1371; baseline -0.002 -18"><span class='ocrx_word' id='word_1_79' title='bbox 297 1290 454 1354; x_wconf 81' lang='lat' dir='ltr'>criminosi</span> <span class='ocrx_word' id='word_1_80' title='bbox 477 1291 509 1353; x_wconf 90' lang='grc'>33</span> <span class='ocrx_word' id='word_1_81' title='bbox 532 1293 729 1354; x_wconf 86' lang='lat' dir='ltr'>contumaces</span> <span class='ocrx_word' id='word_1_82' title='bbox 753 1292 944 1366; x_wconf 87' lang='lat' dir='ltr'>coercentur,</span> <span class='ocrx_word' id='word_1_83' title='bbox 968 1291 1014 1354; x_wconf 89' lang='lat' dir='ltr'>ita</span> <span class='ocrx_word' id='word_1_84' title='bbox 1038 1289 1077 1354; x_wconf 91' lang='lat' dir='ltr'>ab</span> <span class='ocrx_word' id='word_1_85' title='bbox 1106 1289 1263 1371; x_wconf 83' lang='lat' dir='ltr'>Episcopis</span> <span class='ocrx_word' id='word_1_86' title='bbox 1350 1281 1351 1320; x_wconf 57' lang='lat' dir='ltr'>l</span> 
     </span>
     <span class='ocr_line' id='line_1_12' title="bbox 297 1387 1263 1471; baseline -0.001 -22"><span class='ocrx_word' id='word_1_87' title='bbox 297 1387 385 1471; x_wconf 81' lang='lat' dir='ltr'>virga</span> <span class='ocrx_word' id='word_1_88' title='bbox 409 1387 547 1450; x_wconf 87' lang='lat' dir='ltr'>adhiberi</span> <span class='ocrx_word' id='word_1_89' title='bbox 571 1387 680 1468; x_wconf 87' lang='lat' dir='ltr'>potest,</span> <span class='ocrx_word' id='word_1_90' title='bbox 707 1407 800 1468; x_wconf 88' lang='lat' dir='ltr'>quam</span> <span class='ocrx_word' id='word_1_91' title='bbox 826 1389 990 1452; x_wconf 83' lang='lat' dir='ltr'>minitatus</span> <span class='ocrx_word' id='word_1_92' title='bbox 1023 1389 1071 1450; x_wconf 90' lang='lat' dir='ltr'>est</span> <span class='ocrx_word' id='word_1_93' title='bbox 1093 1387 1263 1470; x_wconf 81' lang='lat' dir='ltr'>Apostolus</span> 
     </span>
     <span class='ocr_line' id='line_1_13' title="bbox 297 1483 1261 1568; baseline -0.004 -20"><span class='ocrx_word' id='word_1_94' title='bbox 297 1485 323 1548; x_wconf 90' lang='lat' dir='ltr'><strong><em>I</em></strong></span> <span class='ocrx_word' id='word_1_95' title='bbox 344 1483 461 1555; x_wconf 79' lang='lat' dir='ltr'>Corin,</span> <span class='ocrx_word' id='word_1_96' title='bbox 485 1505 552 1564; x_wconf 80' lang='lat' dir='ltr'>cap.</span> <span class='ocrx_word' id='word_1_97' title='bbox 577 1489 618 1546; x_wconf 76' lang='lat'>4:</span> <span class='ocrx_word' id='word_1_98' title='bbox 646 1483 760 1564; x_wconf 83' lang='lat' dir='ltr'>«Quid</span> <span class='ocrx_word' id='word_1_99' title='bbox 785 1485 881 1548; x_wconf 91' lang='lat' dir='ltr'>vultis</span> <span class='ocrx_word' id='word_1_100' title='bbox 905 1486 936 1550; x_wconf 94' lang='lat' dir='ltr'>in</span> <span class='ocrx_word' id='word_1_101' title='bbox 962 1487 1049 1568; x_wconf 86' lang='lat' dir='ltr'>virga</span> <span class='ocrx_word' id='word_1_102' title='bbox 1075 1487 1195 1548; x_wconf 85' lang='lat' dir='ltr'>veniam</span> <span class='ocrx_word' id='word_1_103' title='bbox 1223 1483 1261 1546; x_wconf 86' lang='lat' dir='ltr'>ad</span> 
     </span>
     <span class='ocr_line' id='line_1_14' title="bbox 299 1581 1260 1665; baseline 0 -20"><span class='ocrx_word' id='word_1_104' title='bbox 299 1585 376 1647; x_wconf 79' lang='lat' dir='ltr'>vos?</span> <span class='ocrx_word' id='word_1_105' title='bbox 392 1607 409 1641; x_wconf 89' lang='lat'><strong>»</strong></span> <span class='ocrx_word' id='word_1_106' title='bbox 436 1581 516 1662; x_wconf 83' lang='lat' dir='ltr'>Quin</span> <span class='ocrx_word' id='word_1_107' title='bbox 540 1583 602 1646; x_wconf 92' lang='lat' dir='ltr'>imo</span> <span class='ocrx_word' id='word_1_108' title='bbox 626 1585 652 1646; x_wconf 92' lang='lat' dir='ltr'>si</span> <span class='ocrx_word' id='word_1_109' title='bbox 676 1583 814 1646; x_wconf 90' lang='lat' dir='ltr'>mitiores</span> <span class='ocrx_word' id='word_1_110' title='bbox 832 1602 952 1665; x_wconf 85' lang='lat' dir='ltr'>poenae·</span> <span class='ocrx_word' id='word_1_111' title='bbox 970 1602 1031 1646; x_wconf 91' lang='lat' dir='ltr'>non</span> <span class='ocrx_word' id='word_1_112' title='bbox 1048 1585 1177 1664; x_wconf 90' lang='lat' dir='ltr'>prosint,</span> <span class='ocrx_word' id='word_1_113' title='bbox 1194 1601 1260 1647; x_wconf 89' lang='lat' dir='ltr'>eon·</span> 
     </span>
     <span class='ocr_line' id='line_1_15' title="bbox 297 1681 1261 1763; baseline -0.003 -19"><span class='ocrx_word' id='word_1_114' title='bbox 297 1683 436 1746; x_wconf 83' lang='lat' dir='ltr'>tumaces</span> <span class='ocrx_word' id='word_1_115' title='bbox 464 1701 482 1746; x_wconf 92' lang='lat' dir='ltr'>a</span> <span class='ocrx_word' id='word_1_116' title='bbox 514 1682 729 1745; x_wconf 91' lang='lat' dir='ltr'>communione</span> <span class='ocrx_word' id='word_1_117' title='bbox 760 1681 914 1745; x_wconf 78' lang='lat' dir='ltr'>Ecclesiae</span> <span class='ocrx_word' id='word_1_118' title='bbox 943 1681 1083 1744; x_wconf 87' lang='lat' dir='ltr'>abscindi</span> <span class='ocrx_word' id='word_1_119' title='bbox 1107 1681 1261 1763; x_wconf 82' lang='lat' dir='ltr'>poterunt.</span> 
     </span>
     <span class='ocr_line' id='line_1_16' title="bbox 295 1779 1259 1864; baseline -0.001 -22"><span class='ocrx_word' id='word_1_120' title='bbox 295 1779 339 1842; x_wconf 83' lang='lat' dir='ltr'>At</span> <span class='ocrx_word' id='word_1_121' title='bbox 362 1780 393 1844; x_wconf 94' lang='lat' dir='ltr'>in</span> <span class='ocrx_word' id='word_1_122' title='bbox 417 1781 523 1862; x_wconf 89' lang='lat' dir='ltr'>poenis</span> <span class='ocrx_word' id='word_1_123' title='bbox 546 1780 720 1864; x_wconf 85' lang='lat' dir='ltr'>infligendis</span> <span class='ocrx_word' id='word_1_124' title='bbox 736 1799 772 1844; x_wconf 91' lang='grc'>33</span> <span class='ocrx_word' id='word_1_125' title='bbox 789 1799 897 1843; x_wconf 87' lang='lat' dir='ltr'>norma</span> <span class='ocrx_word' id='word_1_126' title='bbox 921 1779 1072 1844; x_wconf 88' lang='lat' dir='ltr'>servanda</span> <span class='ocrx_word' id='word_1_127' title='bbox 1096 1781 1152 1856; x_wconf 89' lang='lat' dir='ltr'>est,</span> <span class='ocrx_word' id='word_1_128' title='bbox 1169 1797 1259 1860; x_wconf 88' lang='lat' dir='ltr'>quam</span> 
     </span>
     <span class='ocr_line' id='line_1_17' title="bbox 297 1877 1259 1965; baseline -0.002 -24"><span class='ocrx_word' id='word_1_129' title='bbox 297 1877 455 1961; x_wconf 79' lang='lat' dir='ltr'>Episcopis</span> <span class='ocrx_word' id='word_1_130' title='bbox 468 1880 627 1962; x_wconf 88' lang='lat' dir='ltr'>proposuit</span> <span class='ocrx_word' id='word_1_131' title='bbox 643 1879 749 1942; x_wconf 87' lang='lat' dir='ltr'>eadem</span> <span class='ocrx_word' id='word_1_132' title='bbox 765 1877 946 1965; x_wconf 64' lang='lat' dir='ltr'>Tridentino</span> <span class='ocrx_word' id='word_1_133' title='bbox 965 1878 1109 1960; x_wconf 89' lang='lat' dir='ltr'>Synodus</span> <span class='ocrx_word' id='word_1_134' title='bbox 1120 1898 1194 1942; x_wconf 90' lang='grc'><strong>3333.</strong></span> <span class='ocrx_word' id='word_1_135' title='bbox 1206 1879 1259 1949; x_wconf 78' lang='lat'>12,</span> 
     </span>
     <span class='ocr_line' id='line_1_18' title="bbox 298 1975 926 2058; baseline 0.003 -20"><span class='ocrx_word' id='word_1_136' title='bbox 298 1996 364 2056; x_wconf 80' lang='lat' dir='ltr'>cap.</span> <span class='ocrx_word' id='word_1_137' title='bbox 389 1981 418 2052; x_wconf 84' lang='lat'>1,</span> <span class='ocrx_word' id='word_1_138' title='bbox 442 1977 478 2040; x_wconf 83' lang='lat' dir='ltr'>de</span> <span class='ocrx_word' id='word_1_139' title='bbox 501 1975 642 2055; x_wconf 83' lang='lat' dir='ltr'>Reform.</span> <span class='ocrx_word' id='word_1_140' title='bbox 666 2013 709 2021; x_wconf 87' lang='lat'>-</span> <span class='ocrx_word' id='word_1_141' title='bbox 733 1976 783 2039; x_wconf 91' lang='grc' dir='ltr'>Ι33</span> <span class='ocrx_word' id='word_1_142' title='bbox 807 1976 926 2058; x_wconf 83' lang='lat' dir='ltr'>Soglia.</span> 
     </span>
    </p>

    <p class='ocr_par' dir='ltr' id='par_1_8' title="bbox 295 2073 1351 3232">
     <span class='ocr_line' id='line_1_19' title="bbox 343 2073 1259 2156; baseline -0.003 -18"><span class='ocrx_word' id='word_1_143' title='bbox 343 2075 417 2138; x_wconf 84' lang='lat'><strong>528.</strong></span> <span class='ocrx_word' id='word_1_144' title='bbox 442 2109 484 2122; x_wconf 90' lang='lat'><em>-</em></span> <span class='ocrx_word' id='word_1_145' title='bbox 511 2077 560 2140; x_wconf 85' lang='grc'>133</span> <span class='ocrx_word' id='word_1_146' title='bbox 586 2075 803 2156; x_wconf 80' lang='lat' dir='ltr'>dispensandi.</span> <span class='ocrx_word' id='word_1_147' title='bbox 827 2074 920 2136; x_wconf 91' lang='lat' dir='ltr'>-L</span> <span class='ocrx_word' id='word_1_148' title='bbox 945 2075 1091 2138; x_wconf 85' lang='lat' dir='ltr'>Incidunt</span> <span class='ocrx_word' id='word_1_149' title='bbox 1106 2073 1259 2156; x_wconf 77' lang='grc'><strong>3333313-</strong></span> 
     </span>
     <span class='ocr_line' id='line_1_20' title="bbox 297 2173 1260 2256; baseline -0.003 -20"><span class='ocrx_word' id='word_1_150' title='bbox 297 2175 364 2236; x_wconf 88' lang='grc'><strong>3333</strong></span> <span class='ocrx_word' id='word_1_151' title='bbox 387 2191 498 2237; x_wconf 88' lang='grc'><strong>333333</strong></span> <span class='ocrx_word' id='word_1_152' title='bbox 521 2175 646 2256; x_wconf 88' lang='lat' dir='ltr'>propter</span> <span class='ocrx_word' id='word_1_153' title='bbox 669 2191 746 2254; x_wconf 85' lang='lat' dir='ltr'>quas</span> <span class='ocrx_word' id='word_1_154' title='bbox 770 2173 887 2254; x_wconf 89' lang='lat' dir='ltr'>privati</span> <span class='ocrx_word' id='word_1_155' title='bbox 910 2173 1050 2238; x_wconf 90' lang='lat' dir='ltr'>homines</span> <span class='ocrx_word' id='word_1_156' title='bbox 1074 2174 1180 2254; x_wconf 90' lang='lat' dir='ltr'>aliqua</span> <span class='ocrx_word' id='word_1_157' title='bbox 1195 2173 1260 2254; x_wconf 85' lang='lat' dir='ltr'>lege</span> 
     </span>
     <span class='ocr_line' id='line_1_21' title="bbox 297 2268 1257 2352; baseline 0 -18"><span class='ocrx_word' id='word_1_158' title='bbox 297 2271 470 2346; x_wconf 84' lang='lat' dir='ltr'>solvuntur,</span> <span class='ocrx_word' id='word_1_159' title='bbox 498 2294 516 2328; x_wconf 88' lang='lat'>«</span> <span class='ocrx_word' id='word_1_160' title='bbox 532 2271 605 2351; x_wconf 92' lang='lat' dir='ltr'>quia</span> <span class='ocrx_word' id='word_1_161' title='bbox 626 2271 678 2352; x_wconf 86' lang='lat' dir='ltr'>(nt</span> <span class='ocrx_word' id='word_1_162' title='bbox 691 2269 801 2332; x_wconf 80' lang='grc'><strong>3333333</strong></span> <span class='ocrx_word' id='word_1_163' title='bbox 816 2269 1022 2350; x_wconf 70' lang='lat' dir='ltr'>Symmachus</span> <span class='ocrx_word' id='word_1_164' title='bbox 1039 2270 1133 2350; x_wconf 75' lang='lat' dir='ltr'>Papa</span> <span class='ocrx_word' id='word_1_165' title='bbox 1149 2273 1185 2334; x_wconf 83' lang='lat' dir='ltr'>a&#39;n</span> <span class='ocrx_word' id='word_1_166' title='bbox 1199 2268 1257 2349; x_wconf 74' lang='grc'><strong>333-</strong></span> 
     </span>
     <span class='ocr_line' id='line_1_22' title="bbox 297 2367 1259 2452; baseline -0.002 -21"><span class='ocrx_word' id='word_1_167' title='bbox 297 2367 378 2432; x_wconf 84' lang='lat' dir='ltr'>stolo</span> <span class='ocrx_word' id='word_1_168' title='bbox 404 2367 448 2430; x_wconf 86' lang='lat' dir='ltr'>ud</span> <span class='ocrx_word' id='word_1_169' title='bbox 469 2367 601 2432; x_wconf 80' lang='lat' dir='ltr'>Avitum</span> <span class='ocrx_word' id='word_1_170' title='bbox 630 2367 862 2452; x_wconf 77' lang='lat' dir='ltr'>Viennensem),</span> <span class='ocrx_word' id='word_1_171' title='bbox 894 2367 977 2447; x_wconf 84' lang='lat' dir='ltr'>qnod</span> <span class='ocrx_word' id='word_1_172' title='bbox 1002 2367 1041 2447; x_wconf 69' lang='lat' dir='ltr'>{tt</span> <span class='ocrx_word' id='word_1_173' title='bbox 1066 2374 1196 2448; x_wconf 82' lang='lat' dir='ltr'>praeter</span> <span class='ocrx_word' id='word_1_174' title='bbox 1215 2386 1259 2430; x_wconf 83' lang='lat' dir='ltr'>re-</span> 
     </span>
     <span class='ocr_line' id='line_1_23' title="bbox 296 2464 1257 2548; baseline 0 -20"><span class='ocrx_word' id='word_1_175' title='bbox 296 2465 413 2546; x_wconf 73' lang='lat' dir='ltr'>ynlnm,</span> <span class='ocrx_word' id='word_1_176' title='bbox 426 2466 514 2529; x_wconf 83' lang='lat' dir='ltr'>modo</span> <span class='ocrx_word' id='word_1_177' title='bbox 529 2467 573 2528; x_wconf 78' lang='lat' dir='ltr'>sn</span> <span class='ocrx_word' id='word_1_178' title='bbox 587 2486 625 2528; x_wconf 85' lang='grc'>333</span> <span class='ocrx_word' id='word_1_179' title='bbox 641 2467 726 2528; x_wconf 82' lang='grc'><strong>33333</strong></span> <span class='ocrx_word' id='word_1_180' title='bbox 741 2485 846 2539; x_wconf 78' lang='lat' dir='ltr'>cansa,</span> <span class='ocrx_word' id='word_1_181' title='bbox 864 2486 928 2528; x_wconf 93' lang='lat' dir='ltr'>non</span> <span class='ocrx_word' id='word_1_182' title='bbox 944 2464 1096 2546; x_wconf 73' lang='lat' dir='ltr'>infm&#39;nqn‘t</span> <span class='ocrx_word' id='word_1_183' title='bbox 1109 2465 1257 2548; x_wconf 73' lang='lat' dir='ltr'>requiam,</span> 
     </span>
     <span class='ocr_line' id='line_1_24' title="bbox 296 2562 1255 2644; baseline -0.003 -18"><span class='ocrx_word' id='word_1_184' title='bbox 296 2581 390 2643; x_wconf 87' lang='lat' dir='ltr'>quam</span> <span class='ocrx_word' id='word_1_185' title='bbox 406 2562 470 2626; x_wconf 87' lang='lat' dir='ltr'>sola</span> <span class='ocrx_word' id='word_1_186' title='bbox 486 2563 656 2644; x_wconf 85' lang='lat' dir='ltr'>pervicacia</span> <span class='ocrx_word' id='word_1_187' title='bbox 673 2564 704 2626; x_wconf 91' lang='grc'>33</span> <span class='ocrx_word' id='word_1_188' title='bbox 720 2563 919 2642; x_wconf 88' lang='lat' dir='ltr'>antiquitatis</span> <span class='ocrx_word' id='word_1_189' title='bbox 942 2565 1140 2644; x_wconf 85' lang='lat' dir='ltr'>contemptus</span> <span class='ocrx_word' id='word_1_190' title='bbox 1154 2562 1255 2626; x_wconf 88' lang='lat' dir='ltr'>laedit.</span> 
     </span>
     <span class='ocr_line' id='line_1_25' title="bbox 296 2659 1255 2742; baseline -0.001 -19"><span class='ocrx_word' id='word_1_191' title='bbox 296 2659 378 2724; x_wconf 88' lang='lat' dir='ltr'>Nam</span> <span class='ocrx_word' id='word_1_192' title='bbox 405 2661 548 2740; x_wconf 87' lang='lat' dir='ltr'>quamvis</span> <span class='ocrx_word' id='word_1_193' title='bbox 578 2679 595 2722; x_wconf 91' lang='lat' dir='ltr'>a</span> <span class='ocrx_word' id='word_1_194' title='bbox 620 2659 768 2723; x_wconf 89' lang='lat' dir='ltr'>Patribus</span> <span class='ocrx_word' id='word_1_195' title='bbox 798 2661 920 2724; x_wconf 89' lang='lat' dir='ltr'>statuta</span> <span class='ocrx_word' id='word_1_196' title='bbox 953 2660 1097 2742; x_wconf 85' lang='lat' dir='ltr'>diligenti</span> <span class='ocrx_word' id='word_1_197' title='bbox 1121 2663 1255 2726; x_wconf 84' lang='lat' dir='ltr'>observa·</span> 
     </span>
     <span class='ocr_line' id='line_1_26' title="bbox 295 2757 1257 2840; baseline -0.003 -18"><span class='ocrx_word' id='word_1_198' title='bbox 295 2759 390 2834; x_wconf 91' lang='lat' dir='ltr'>tione,</span> <span class='ocrx_word' id='word_1_199' title='bbox 414 2760 446 2822; x_wconf 90' lang='grc'>33</span> <span class='ocrx_word' id='word_1_200' title='bbox 469 2757 652 2822; x_wconf 87' lang='lat' dir='ltr'>observandi</span> <span class='ocrx_word' id='word_1_201' title='bbox 675 2757 838 2840; x_wconf 82' lang='lat' dir='ltr'>diligentia</span> <span class='ocrx_word' id='word_1_202' title='bbox 862 2759 935 2822; x_wconf 92' lang='lat' dir='ltr'>sunt</span> <span class='ocrx_word' id='word_1_203' title='bbox 958 2758 1169 2834; x_wconf 87' lang='lat' dir='ltr'>custodienda,</span> <span class='ocrx_word' id='word_1_204' title='bbox 1185 2757 1257 2822; x_wconf 91' lang='lat' dir='ltr'>nihi-</span> 
     </span>
     <span class='ocr_line' id='line_1_27' title="bbox 296 2852 1351 2940; baseline -0.002 -22"><span class='ocrx_word' id='word_1_205' title='bbox 296 2855 428 2920; x_wconf 90' lang='lat' dir='ltr'>lominus</span> <span class='ocrx_word' id='word_1_206' title='bbox 452 2858 577 2938; x_wconf 91' lang='lat' dir='ltr'>propter</span> <span class='ocrx_word' id='word_1_207' title='bbox 600 2855 725 2936; x_wconf 90' lang='lat' dir='ltr'>aliquod</span> <span class='ocrx_word' id='word_1_208' title='bbox 748 2855 863 2919; x_wconf 88' lang='lat' dir='ltr'>bonurn</span> <span class='ocrx_word' id='word_1_209' title='bbox 881 2856 918 2920; x_wconf 90' lang='lat' dir='ltr'>de</span> <span class='ocrx_word' id='word_1_210' title='bbox 933 2855 1033 2939; x_wconf 86' lang='lat' dir='ltr'>rigore</span> <span class='ocrx_word' id='word_1_211' title='bbox 1049 2857 1127 2940; x_wconf 82' lang='lat' dir='ltr'>legis</span> <span class='ocrx_word' id='word_1_212' title='bbox 1144 2852 1255 2937; x_wconf 88' lang='lat' dir='ltr'>aliquid</span> <span class='ocrx_word' id='word_1_213' title='bbox 1350 2869 1351 2880; x_wconf 60' lang='lat'>¹</span> 
     </span>
     <span class='ocr_line' id='line_1_28' title="bbox 296 2953 1255 3035; baseline 0.001 -20"><span class='ocrx_word' id='word_1_214' title='bbox 296 2953 463 3029; x_wconf 83' lang='lat' dir='ltr'>relaxatur,</span> <span class='ocrx_word' id='word_1_215' title='bbox 488 2953 570 3034; x_wconf 92' lang='lat' dir='ltr'>quod</span> <span class='ocrx_word' id='word_1_216' title='bbox 594 2955 625 3016; x_wconf 92' lang='lat' dir='ltr'>et</span> <span class='ocrx_word' id='word_1_217' title='bbox 652 2953 718 3034; x_wconf 91' lang='lat' dir='ltr'>ipsa</span> <span class='ocrx_word' id='word_1_218' title='bbox 749 2953 798 3016; x_wconf 81' lang='lat' dir='ltr'>lex</span> <span class='ocrx_word' id='word_1_219' title='bbox 821 2953 953 3016; x_wconf 87' lang='lat' dir='ltr'>cavisset</span> <span class='ocrx_word' id='word_1_220' title='bbox 985 2955 1011 3018; x_wconf 92' lang='lat' dir='ltr'>si</span> <span class='ocrx_word' id='word_1_221' title='bbox 1041 2954 1255 3035; x_wconf 88' lang='lat' dir='ltr'>praevidisset;</span> 
     </span>
     <span class='ocr_line' id='line_1_29' title="bbox 296 3049 1256 3134; baseline -0.001 -20"><span class='ocrx_word' id='word_1_222' title='bbox 296 3053 327 3115; x_wconf 90' lang='lat' dir='ltr'>et</span> <span class='ocrx_word' id='word_1_223' title='bbox 350 3071 439 3134; x_wconf 83' lang='lat' dir='ltr'>saepe</span> <span class='ocrx_word' id='word_1_224' title='bbox 463 3051 584 3116; x_wconf 90' lang='lat' dir='ltr'>crudele</span> <span class='ocrx_word' id='word_1_225' title='bbox 608 3051 688 3114; x_wconf 89' lang='lat' dir='ltr'>esset</span> <span class='ocrx_word' id='word_1_226' title='bbox 711 3051 852 3114; x_wconf 89' lang='lat' dir='ltr'>insistere</span> <span class='ocrx_word' id='word_1_227' title='bbox 875 3050 947 3134; x_wconf 83' lang='lat' dir='ltr'>legi,</span> <span class='ocrx_word' id='word_1_228' title='bbox 971 3071 1041 3116; x_wconf 90' lang='lat' dir='ltr'>cum</span> <span class='ocrx_word' id='word_1_229' title='bbox 1066 3049 1256 3116; x_wconf 87' lang='lat' dir='ltr'>observantia</span> 
     </span>
     <span class='ocr_line' id='line_1_30' title="bbox 295 3149 1254 3232; baseline 0 -20"><span class='ocrx_word' id='word_1_230' title='bbox 295 3151 361 3216; x_wconf 90' lang='lat' dir='ltr'>eius</span> <span class='ocrx_word' id='word_1_231' title='bbox 384 3170 448 3214; x_wconf 90' lang='lat' dir='ltr'>esse</span> <span class='ocrx_word' id='word_1_232' title='bbox 471 3149 733 3232; x_wconf 87' lang='lat' dir='ltr'>praeiudiciabilis</span> <span class='ocrx_word' id='word_1_233' title='bbox 764 3149 922 3214; x_wconf 84' lang='lat' dir='ltr'>Ecclesiae</span> <span class='ocrx_word' id='word_1_234' title='bbox 955 3149 1087 3226; x_wconf 86' lang='lat' dir='ltr'>videtur,</span> <span class='ocrx_word' id='word_1_235' title='bbox 1118 3151 1254 3232; x_wconf 89' lang='lat' dir='ltr'>quoniam</span> 
     </span>
    </p>
   </div>
   <div class='ocr_carea' id='block_1_7' title="bbox 296 3459 1253 3530">
    <p class='ocr_par' dir='ltr' id='par_1_9' title="bbox 296 3459 1253 3530">
     <span class='ocr_line' id='line_1_31' title="bbox 296 3459 1253 3530; baseline -0.002 -16"><span class='ocrx_word' id='word_1_236' title='bbox 296 3460 445 3529; x_wconf 77' lang='lat' dir='ltr'>synodalis</span> <span class='ocrx_word' id='word_1_237' title='bbox 465 3460 631 3515; x_wconf 88' lang='lat' dir='ltr'>constitutio</span> <span class='ocrx_word' id='word_1_238' title='bbox 652 3463 751 3514; x_wconf 84' lang='lat' dir='ltr'>eontra</span> <span class='ocrx_word' id='word_1_239' title='bbox 774 3459 817 3512; x_wconf 90' lang='lat' dir='ltr'>ins</span> <span class='ocrx_word' id='word_1_240' title='bbox 847 3477 1004 3526; x_wconf 85' lang='lat' dir='ltr'>commune,</span> <span class='ocrx_word' id='word_1_241' title='bbox 1033 3465 1062 3515; x_wconf 90' lang='lat' dir='ltr'>et</span> <span class='ocrx_word' id='word_1_242' title='bbox 1091 3461 1253 3530; x_wconf 84' lang='lat' dir='ltr'>apostolicas</span> 
     </span>
    </p>
   </div>
   <div class='ocr_carea' id='block_1_8' title="bbox 294 3547 1351 3614">
    <p class='ocr_par' dir='ltr' id='par_1_10' title="bbox 294 3547 1351 3614">
     <span class='ocr_line' id='line_1_32' title="bbox 294 3547 1351 3614; baseline -0.002 -10"><span class='ocrx_word' id='word_1_243' title='bbox 294 3549 463 3614; x_wconf 84' lang='lat' dir='ltr'>sanctiones,</span> <span class='ocrx_word' id='word_1_244' title='bbox 484 3549 588 3602; x_wconf 91' lang='lat' dir='ltr'>nullius</span> <span class='ocrx_word' id='word_1_245' title='bbox 608 3550 646 3602; x_wconf 88' lang='grc'>333</span> <span class='ocrx_word' id='word_1_246' title='bbox 664 3547 771 3602; x_wconf 86' lang='lat' dir='ltr'>roboris</span> <span class='ocrx_word' id='word_1_247' title='bbox 791 3551 820 3602; x_wconf 87' lang='grc'>33</span> <span class='ocrx_word' id='word_1_248' title='bbox 840 3547 992 3605; x_wconf 85' lang='lat' dir='ltr'>firmitatis.</span> <span class='ocrx_word' id='word_1_249' title='bbox 1010 3589 1021 3614; x_wconf 85' lang='lat'>,</span> <span class='ocrx_word' id='word_1_250' title='bbox 1043 3549 1107 3605; x_wconf 88' lang='lat' dir='ltr'>Vid.</span> <span class='ocrx_word' id='word_1_251' title='bbox 1121 3551 1196 3614; x_wconf 84' lang='lat' dir='ltr'>ibid,</span> <span class='ocrx_word' id='word_1_252' title='bbox 1208 3548 1251 3604; x_wconf 89' lang='lat' dir='ltr'>ubi</span> <span class='ocrx_word' id='word_1_253' title='bbox 1350 3589 1351 3614; x_wconf 83' lang='lat'>,</span> 
     </span>
    </p>
   </div>
   <div class='ocr_carea' id='block_1_9' title="bbox 294 3636 717 3704">
    <p class='ocr_par' dir='ltr' id='par_1_11' title="bbox 294 3636 717 3704">
     <span class='ocr_line' id='line_1_33' title="bbox 294 3636 717 3704; baseline 0 -14"><span class='ocrx_word' id='word_1_254' title='bbox 294 3637 385 3691; x_wconf 87' lang='lat' dir='ltr'>multa</span> <span class='ocrx_word' id='word_1_255' title='bbox 404 3636 559 3690; x_wconf 82' lang='lat' dir='ltr'>afferuntur</span> <span class='ocrx_word' id='word_1_256' title='bbox 580 3638 717 3704; x_wconf 85' lang='lat' dir='ltr'>exempla.</span> 
     </span>
    </p>
   </div>
   <div class='ocr_carea' id='block_1_10' title="bbox 0 0 1380 4270">
    <p class='ocr_par' dir='ltr' id='par_1_12' title="bbox 0 0 1380 4270">
     <span class='ocr_line' id='line_1_34' title="bbox 0 0 1380 4270; baseline 0 1"><span class='ocrx_word' id='word_1_257' title='bbox 0 0 1380 4270; x_wconf 95' lang='lat' dir='ltr'> </span> 
     </span>
    </p>
   </div>
  </div>
 </body>
</html>
