2812 4268
272 273 327 325 440
565 275 738 324 calmetus
762 277 801 324 DE
825 277 947 326 lunicius

271 471 412 537 Tnunuo.
430 473 454 536 1.
471 473 614 539 Ecclesia
630 476 720 540 lucet
736 461 920 556 potestatem
939 475 1108 557 iuflipeadi
1116 495 1240 556 poenas

243 605 245 608 ·
274 589 337 634 aon
368 571 469 636 sotum
498 573 691 652 spirituales,
719 575 776 638 sed
804 576 898 638 atium
931 574 1141 654 compertum
1164 575 1239 656 quia

270 669 322 730 est
344 669 475 734 societas
499 671 630 736 visibilis
653 674 685 736 et
711 672 944 754 perfectissima.
975 672 1068 736 Unus
1093 673 1168 738 Pius
1191 671 1239 734 IX

272 761 428 847 (Sytlcb.)
460 769 636 848 sequentem
668 769 831 834 damnavit
857 769 1113 852 propositionem:
1142 793 1160 826 ‹
1182 769 1239 832 Ec

270 859 366 925 alesia
390 863 437 927 vis
461 864 633 930 inferendae
656 869 842 948 potestatem
866 885 927 932 uon
943 867 1069 931 habet„
1082 867 1238 931 Ecclesiae

273 956 321 1022 ius
345 976 405 1024 non
428 963 577 1044 competit
590 965 756 1028 violatores
771 965 874 1049 legum
893 984 1021 1029 suarum
1038 965 1144 1046 poenis
1161 965 1238 1028 tem

170 1129 175 1142 ¹
273 1058 432 1138 poralibus
455 1061 658 1124 coercendi».

322 1155 416 1219 rere.
440 1193 484 1203 -
507 1157 548 1220 rr.
577 1159 630 1224 rus
662 1160 819 1243 infligendi
842 1135 956 1243 peenas
986 1161 1137 1242 competit
1167 1162 1238 1224 eum

271 1251 457 1336 legislatori,
482 1257 550 1319 tum
574 1258 679 1321 iudici,
832 1309 834 1314 .
941 1337 943 1344 y

321 1351 417 1415 1420.
441 1391 485 1400 -
507 1354 565 1418 111.
588 1354 636 1418 Ae
661 1375 774 1438 poenas
798 1355 981 1450 infligendas
1004 1343 1174 1438 requiritur
1188 1357 1239 1420 iu-

273 1447 412 1514 risdictio
436 1453 560 1516 externa
584 1454 615 1515 et
639 1455 797 1537 proprium
821 1455 1024 1518 territorium.

322 1546 417 1610 1421.
442 1581 485 1594 -—
509 1551 612 1616 varia.
642 1589 677 1596 -
696 1551 720 1614 1.
740 1553 933 1635 corporales
950 1569 1083 1634 poenae,
1105 1570 1182 1633 quas
1198 1552 1240 1615 ab

271 1645 499 1728 antiquissimis
522 1668 618 1731 usque
643 1650 835 1732 temporibus
866 1649 1035 1713 Ecclesiam
1059 1650 1241 1714 adhibuisse

270 1746 404 1819 constat,
428 1747 610 1828 praecipuae
623 1749 696 1811 sunt
712 1749 793 1811 ictus
809 1747 938 1811 fustium
957 1749 1015 1811 aut
1030 1747 1242 1832 flagellorum,

267 1839 408 1906 detrusis
442 1839 474 1906 iu
510 1846 734 1908 monasterinm
759 1847 820 1909 aut·
839 1846 869 1909 iu
902 1863 1065 1919 carcerem,
1099 1845 1240 1919 exilium,

272 1940 390 2004 mulcta
414 1943 600 2023 pecuniaria.
618 1944 663 2007 Ac
680 1943 716 2007 de
733 1945 793 2009 isto
813 1943 935 2025 quidem
954 1943 1110 2025 postremo
1127 1962 1241 2026 genere

270 2055 385 2117 poenae
408 2039 579 2103 cavendum
604 2043 651 2104 est
667 2041 841 2124 diligenter,
862 2042 897 2103 ut
914 2041 1015 2104 omnis
1031 2041 1137 2123 procul
1155 2041 1242 2104 absit

266 2135 372 2217 turpis
396 2138 543 2217 quaestus
567 2139 598 2202 et
617 2133 774 2204 avaritiae
805 2139 948 2221 suspicio,
973 2157 1043 2202 cum
1068 2137 1112 2201 rei
1134 2139 1241 2202 crimi-

272 2252 346 2296 num
371 2236 515 2315 pecuniae
539 2255 653 2318 poenae
677 2239 883 2302 subiiciuntur
908 2236 1060 2319 (Devoti).
1084 2237 1240 2316 EnTrid.‚

269 2351 348 2394 sess.
374 2334 427 2408 25,
451 2355 517 2414 cop.
543 2336 574 2410 3,
599 2335 649 2400 De
673 2335 825 2415 Reform,
857 2335 980 2400 constat
1003 2335 1105 2417 ipsum
1129 2333 1240 2399 Oenei-

273 2430 351 2494 lium
375 2435 538 2516 agnovisse
562 2452 597 2496 ao
621 2433 816 2498 confirmasse
841 2433 1028 2515 potestatem
1052 2432 1240 2496 ecelesiasti-

268 2545 341 2591 cam
365 2548 477 2610 poenus
501 2532 675 2612 corporales
699 2531 869 2615 infligendi.
964 2523 966 2528 ’

235 2662 239 2674 ·
321 2627 416 2689 1422.
441 2665 484 2674 -
508 2629 548 2691 ll.
574 2631 639 2692 lam
666 2649 682 2693 1
708 2632 819 2711 quarto
837 2629 958 2700 saeculo
976 2628 1111 2692 Ecclesia
1127 2627 1241 2691 habuit

208 2729 209 2732 ’
269 2741 428 2791 emanans
451 2727 490 2790 ad
514 2729 681 2809 puniendos
713 2727 847 2792 Clerioos
870 2727 1062 2801 criminosos,
1088 2727 1141 2807 qui
1173 2725 1239 2790 De·

268 2823 381 2886 cauma
405 2824 651 2906 appellabantur.
676 2826 712 2888 In
743 2825 936 2906 capitulariis
960 2822 1063 2888 Euroli
1088 2822 1142 2899 M„
1158 2825 1188 2898 1,
1205 2823 1239 2898 5,

274 2919 404 2984 dicitur:
429 2922 465 2985 Iu
489 2922 659 2997 Decanicis,
683 2923 744 2986 atii
765 2923 796 2986 in
831 2923 959 2998 catenis,
984 2921 1137 2985 Ecclesiae
1153 2939 1240 2990 ,rece

268 3016 377 3095 datur,
400 3022 609 3102 competenter
632 3040 746 3103 poenas
770 3021 918 3084 luiturus.

464 3230 541 3294 Aac.
567 3231 608 3294 ΙΙ.
632 3229 683 3296 De
705 3229 827 3314 poenis
845 3229 889 3297 -ln
912 3229 1035 3314 specle.

321 3409 416 3471 1423.
441 3445 485 3454 -
509 3409 615 3492 Quoad
642 3425 798 3474 censuras
823 3408 1010 3489 percisum,
1035 3406 1105 3471 vide
1131 3406 1238 3471 Tucci.

274 3505 416 3666 Mittail.
440 3641 485 3651 -
510 3605 686 3686 suspensio
713 3621 750 3670 ex
775 3604 941 3668 inlucmata
966 3603 1177 3668 conscientia.
1194 3639 1239 3650 -

271 3701 300 3763 1.
324 3700 489 3781 Episcopus
512 3703 654 3781 competit
675 3701 812 3780 facultas
834 3699 958 3779 ferendi
969 3701 1240 3780 suspensionesea
