2750 4270
283 227 337 282 216
485 229 660 278 suscianus
682 229 725 274 lll.
751 229 790 274 DE
814 228 1034 275 ELECTIONIBUS

284 433 415 500 Sanctae
438 434 597 498 Romanae
621 433 776 498 Ecclesiae
800 432 980 514 Cardinales
1004 435 1078 511 sint,
1096 435 1122 498 si
1139 453 1255 498 munus

283 531 523 596 consecrationis
547 531 635 592 intra
660 534 722 594 tres
745 550 866 594 meuses
889 549 950 595 non
986 531 1190 612 susceperint,
1216 529 1256 593 ad

285 629 442 692 fructuum
456 628 670 708 perceptorum
683 627 913 692 restitutionem
928 629 1103 691 teneantur.
1121 625 1154 690 Si
1170 628 1257 690 intra

283 724 415 792 totidem
441 743 558 788 menses
583 726 690 805 postea
714 724 746 787 id
770 725 869 788 faeere
885 725 1085 807 neglexennt,
1107 724 1256 788 Ecclesiis

283 823 350 905 ipso
375 822 440 886 iure
463 821 526 885 sint
548 821 674 903 privati.
704 819 903 885 Coasccmm‘o
937 841 1009 886 vero
1033 823 1060 886 si
1084 825 1170 886 extra
1196 821 1256 886 Cu-

284 921 362 985 riam
388 921 559 984 Romanam
583 919 650 996 fiat,
674 921 706 984 in
728 920 864 984 Ecclesia
887 921 1066 1004 peragatur,
1093 921 1254 1002 adquam

284 1020 419 1102 promoti
453 1019 577 1092 fuerint,
613 1018 723 1082 autin
746 1018 904 1099 provincia
928 1017 955 1081 si
988 1019 1150 1082 commode
1184 1018 1255 1082 fieri

284 1116 408 1197 poterit.
432 1113 508 1197 (Cir.
533 1115 628 1192 Trid,
642 1114 723 1179 Sese.
750 1115 816 1196 23).
840 1113 926 1178 Haec
949 1115 1057 1196 regula
1089 1115 1126 1178 de
1150 1115 1254 1178 imbec

283 1213 441 1277 mensibus
464 1215 639 1295 applicatur
662 1213 757 1276 etiam
778 1211 943 1291 Episcopr's
968 1211 1160 1275 titularibus.

330 1311 404 1372 627.
429 1347 472 1356 -
495 1311 574 1374 Rue.
600 1308 656 1372 Ha
689 1308 802 1372 Omnes
836 1308 1048 1384 Patriarchae,
1084 1309 1251 1386 Primates,

283 1407 522 1490 Archiepiscopi,
547 1408 700 1489 Episcopi,
725 1407 841 1487 aliique
864 1407 1028 1471 Praesules
1057 1427 1253 1490 quocumque

284 1507 405 1570 nomine
429 1508 655 1588 nuncupantur,
677 1525 737 1569 non
761 1505 863 1570 solum
887 1507 1032 1570 tenentur
1055 1507 1128 1569 ante
1151 1525 1253 1571 conse·

283 1605 453 1668 orationem
478 1605 615 1667 emittere
632 1602 859 1684 professionem
881 1603 957 1682 fidei
978 1604 1066 1668 iuxta
1083 1605 1251 1670 formama

284 1701 340 1765 Pio
365 1701 409 1763 lV
433 1704 464 1764 et
488 1701 543 1765 Pio
568 1702 613 1766 lX
640 1701 767 1775 editam,
802 1700 855 1764 sed
890 1701 986 1764 etiam
1022 1703 1126 1766 iurare
1161 1723 1251 1785 super

285 1799 454 1882 Evangelia
478 1799 545 1874 Dei,
571 1799 738 1862 secundum
762 1799 906 1874 formam,
931 1800 989 1861 etc.
1008 1835 1050 1842 —
1066 1798 1152 1864 Nota
1168 1800 1249 1880 quod

284 1897 495 1958 incameratam
517 1895 680 1974 fidelitatis
705 1897 735 1959 S.
760 1893 902 1958 Pontifici
934 1915 951 1959 a
984 1894 1066 1959 Sisto
1099 1895 1128 1956 V
1163 1915 1249 1978 prae-

284 1993 434 2074 scriptum
459 1994 579 2074 obligat
602 1995 697 2058 etiam
722 1991 865 2055 titulatas
890 1993 1065 2076 Episcopos.

330 2091 405 2154 628.
423 2128 466 2138 -
483 2092 562 2156 Rus.
580 2091 652 2154 111⁸.
677 2092 763 2154 Ante
779 2093 1040 2154 consecrationem
1052 2095 1157 2170 potest
1170 2091 1249 2172 Epi·

282 2208 392 2267 scopus
415 2209 556 2252 exercerc
579 2209 616 2252 ca
632 2209 711 2268 quac
726 2191 801 2252 suat
815 2187 1060 2252 Iurisdo'ctc'om's.
1080 2189 1247 2270 Episcopus

284 2287 366 2350 enim
390 2288 421 2350 in
444 2286 677 2350 confirmatione
690 2268 935 2350 iurisdictionem
948 2287 1071 2366 accipit,
1084 2286 1166 2350 unde
1182 2287 1247 2368 Epi-

234 2459 236 2462 ,
283 2402 394 2466 scopus
418 2383 629 2460 confirmatus,
653 2384 727 2448 licet
749 2383 886 2447 nondum
913 2385 1121 2459 consecratus,
1147 2386 1247 2466 potest

285 2470 556 2558 excommunicare,
581 2481 773 2563 suspendere,
798 2479 988 2558 interdicere,
1006 2482 1144 2557 visitare,
1162 2482 1248 2546 corri-

284 2598 366 2662 gere,
391 2579 509 2662 punire,
534 2581 684 2662 synodum
714 2598 891 2654 convocare,
923 2578 1069 2643 beneficia
1103 2580 1246 2654 conferre,

285 2677 436 2742 Ecclesias
459 2679 590 2743 minores
613 2679 807 2760 coniungere,
827 2677 999 2754 adnectere,
1012 2677 1167 2753 dividere3
1184 2678 1247 2742 voti

282 2776 316 2840 et
330 2777 531 2840 iurisiurandi
549 2777 669 2840 vincula
685 2777 813 2851 solvere,
831 2774 1035 2855 quorumdam
1052 2777 1247 2856 peccatorum

284 2874 512 2939 absolutionem
537 2874 594 2938 sibi
617 2891 782 2946 reservare,
807 2873 839 2935 et
862 2871 941 2936 alios
967 2876 1056 2937 actus
1080 2873 1180 2938 facere
1202 2875 1247 2937 iu-

285 2972 473 3036 risdictionis
496 2971 584 3054 (Cap.
610 2970 844 3034 Trammisaam
862 2970 902 3033 16
918 2970 956 3033 dc
972 2969 1067 3047 elect,
1080 2990 1147 3052 cap.
1166 2971 1247 3050 Qua·

284 3069 358 3133 liter
383 3071 423 3134 19
447 3071 484 3132 de
507 3069 591 3133 elect.
615 3070 647 3133 et
662 3088 727 3152 cap.
744 3068 835 3132 Iatcr
850 3067 1026 3147 corporolia
1043 3071 1062 3131 2
1079 3068 1116 3131 dc
1133 3068 1249 3132 Tram-

284 3167 401 3232 lulc‘oae
430 3168 565 3250 Eposo).

332 3267 406 3330 629.
425 3305 455 3311 -
469 3267 548 3330 Rus.
560 3265 629 3328 th
654 3265 755 3328 Nemo
779 3265 956 3326 consecrari
970 3264 1067 3342 debet,
1083 3265 1149 3328 atsi
1159 3265 1252 3345 prius

284 3369 405 3428 coastat
426 3365 634 3429 consecratori
656 3363 693 3427 cle
716 3363 929 3425 commissione
963 3362 1167 3426 consecrandi
1188 3363 1253 3426 siue

286 3482 341 3546 per
363 3463 486 3527 litteras
508 3461 716 3545 Apostolicas,
740 3461 767 3524 si
791 3460 833 3524 sit
856 3461 942 3524 extra
967 3458 1103 3537 Curiam,
1121 3461 1186 3525 sive
1201 3480 1253 3542 per

284 3562 533 3626 commissionem
559 3561 648 3624 vivae
673 3560 756 3624 vocis
781 3559 905 3624 oraculo
930 3557 1252 3624 aSummoPontifice

284 3659 493 3723 consecratori
516 3659 643 3733 factam,
667 3657 695 3721 si
717 3657 913 3720 consecrator
928 3656 994 3738 ipsc
1011 3656 1053 3719 sit
1069 3655 1251 3720 Cardinalis.
