2750 4270
319 210 368 262 192
445 212 617 258 intereras
643 213 681 257 DE
705 211 895 257 atanaricum
917 209 1146 256 Iunasmo'uonls

315 431 369 474 aas
393 407 612 487 informatius
627 427 718 490 super
738 408 944 488 qualitatibus
956 425 1112 488 personae.
1137 404 1168 468 Si
1182 406 1269 469 etiam

315 509 410 572 testes
434 505 587 581 deficiant,
604 505 759 568 sufficiens
782 506 914 568 habetur
931 503 1081 567 iudicium
1095 502 1126 566 S.
1149 501 1274 584 Congre-

315 605 452 687 gationis
476 603 513 666 de
536 602 755 682 Propagando
778 601 868 674 Fide,
893 621 972 682 qnae
994 601 1085 664 illum
1109 619 1128 663 a
1151 599 1270 664 Sammo

316 702 463 766 Pontifioe
490 699 668 784 eligendum
678 700 826 763 consulet.
841 697 966 783 (Bened.
980 699 1065 774 XlV,
1080 695 1184 761 Omast.
1197 695 1275 760 Gra»

318 800 504 882 tissimum).

361 899 436 960 555.
460 933 504 942 —
528 895 566 956 V.
596 893 781 958 Omaimoda
799 894 975 974 pastoralis
996 896 1170 958 auctoritas
1193 893 1277 956 Vico

317 996 374 1058 riis
388 993 580 1074 Apostolior's
595 995 849 1056 eonamnaimtar.
862 992 991 1056 Praeter
1006 1011 1076 1056 eam
1093 993 1276 1074 potestatem

317 1093 503 1157 ordinariam
536 1110 629 1171 qnam
664 1091 758 1153 habet
789 1091 958 1173 Episcopus
988 1091 1019 1153 in
1050 1109 1107 1154 sna
1140 1090 1277 1164 dioeaesi,

316 1190 494 1272 Apostoliea
519 1187 611 1252 Sedes
633 1188 708 1270 ipsis
724 1189 802 1252 alias
818 1189 985 1252 facultates
1000 1189 1190 1252 necessarias
1202 1188 1278 1251 elar-

316 1289 401 1372 gitur
425 1286 540 1368 (ibid),
571 1287 603 1349 et
633 1285 757 1366 quidem
781 1289 831 1348 sat
863 1287 994 1368 amplas,
1023 1287 1111 1348 iuxta
1143 1286 1279 1350 locorum

316 1387 474 1450 adiuncta.
867 1383 869 1388 ’

362 1483 437 1545 556.
454 1520 478 1528 -
506 1481 561 1543 Vl.
580 1479 730 1544 Omnibus
747 1481 882 1546 Vioariis
893 1481 1085 1564 Apostoliea's
1096 1483 1280 1546 mon-datam

317 1585 363 1645 est
384 1585 420 1644 at
449 1581 596 1659 deputent
627 1579 784 1642 Vioara‘am
812 1579 1008 1655 Geraerolem,
1033 1581 1098 1660 qui,
1123 1581 1280 1645 eveniente

316 1679 438 1742 illorum
464 1678 562 1750 obitu,
586 1678 748 1757 tamquam
771 1677 970 1758 Apostolioae
994 1677 1080 1742 Sedis
1107 1677 1280 1760 delegatus,

317 1778 460 1840 teneatur
475 1793 632 1838 assumere
647 1775 784 1858 regimen
799 1775 963 1856 apostolici
986 1775 1169 1852 vicariatus,
1189 1794 1280 1857 usque

317 1874 357 1938 ad
388 1875 509 1955 captam
545 1872 766 1953 possessionem
799 1893 817 1936 a
845 1892 922 1937 novo
953 1873 1077 1936 Vinaria
1101 1873 1281 1955 Apostolioo

319 1967 525 2056 (Huguenin).

362 2069 437 2131 557.
464 2105 502 2113 —
524 2068 741 2133 commissarii
760 2070 931 2150 apostolici
948 2069 1106 2148 negotium
1119 2070 1280 2147 priuatam

315 2188 336 2232 a
352 2165 385 2232 S.
402 2166 480 2230 Sede
491 2168 675 2244 suscipiunt.
688 2167 751 2230 Alii
764 2170 996 2249 praeponuntur
1008 2167 1281 2231 informationibus

316 2283 473 2328 servornm
499 2263 564 2338 Dei,
589 2282 721 2344 qnorum
737 2263 1137 2345 postulaturbeatifioatio;
1164 2263 1221 2328 alii
1237 2263 1281 2326 de-

315 2362 460 2444 legantur
483 2360 522 2423 ad
546 2360 746 2423 iudicandum
769 2361 806 2424 de
823 2361 954 2440 querelis
977 2361 1058 2424 inter
1074 2362 1237 2443 regulares
1252 2361 1281 2423 et

315 2458 497 2532 saeculares,
516 2457 563 2519 vel
586 2458 668 2520 inter
682 2458 857 2540 Episcopos.
874 2457 909 2522 Si
925 2458 1080 2541 delegatio
1103 2457 1140 2520 fit
1167 2459 1280 2522 aPon·

315 2555 408 2632 tifioe,
421 2554 609 2637 delegandus
634 2556 765 2636 oportet,
783 2557 819 2618 ut
843 2555 931 2618 sitin
955 2555 1111 2638 dignitate
1126 2556 1279 2619 eonstitu-

315 2655 377 2728 tus,
404 2653 451 2716 vel
475 2651 617 2716 Viearins
641 2653 793 2734 Episcopi,
812 2653 859 2716 vel
876 2651 1050 2717 Canonious
1066 2651 1279 2725 Cathedralis3

316 2749 445 2836 (singuli
469 2751 548 2814 enim
575 2749 719 2814 Canoniei
736 2750 931 2816 Cathedralis
954 2751 1144 2833 participant
1170 2753 1209 2816 de
1240 2750 1279 2812 di·

315 2850 436 2932 gnitate
452 2849 567 2930 proprii
579 2849 725 2929 eorporis,
738 2848 797 2912 etsi
810 2867 862 2927 per
878 2868 909 2912 se
925 2868 985 2912 non
999 2849 1062 2912 sint
1076 2849 1108 2912 in
1124 2848 1279 2934 dignitate

313 2946 486 3012 constituti.
509 2947 541 3014 0.
568 2945 736 3022 Siroialum,
760 2949 793 3020 2,
818 2945 854 3009 de
878 2947 1042 3026 retardat...
1067 2946 1235 3032 (Soavini).

313 3222 391 3287 Ana.
415 3222 456 3285 ll.
489 3221 540 3286 llo
564 3219 739 3286 Praelatis
771 3219 995 3302 regularibus
1017 3221 1054 3286 et
1076 3219 1274 3288 Abbatitus.

360 3437 434 3501 558.
463 3474 499 3482 -
532 3439 644 3502 Horum
680 3439 895 3503 Praelatorum
927 3439 994 3503 tres
1027 3440 1103 3504 sunt
1136 3437 1270 3521 speeies,

315 3555 393 3614 qaue
415 3535 462 3598 ito
485 3534 703 3598 deseribuntur
725 3555 746 3597 u
761 3535 933 3600 Benedicta
949 3535 1061 3600 XIV:
1081 3561 1099 3595 ‹
1114 3537 1217 3603 Prima
1231 3532 1273 3596 est

315 3649 431 3706 eorum,
456 3632 508 3711 qui
532 3634 614 3694 certo
637 3635 785 3713 praesunt
808 3633 913 3715 generi
935 3651 1136 3716 personarum
1153 3631 1271 3700 existen·
