<?xml version="1.0" encoding="UTF-8"?>
<!DOCTYPE html PUBLIC "-//W3C//DTD XHTML 1.0 Transitional//EN"
    "http://www.w3.org/TR/xhtml1/DTD/xhtml1-transitional.dtd">
<html xmlns="http://www.w3.org/1999/xhtml" xml:lang="en" lang="en">
 <head>
  <title>
</title>
<meta http-equiv="Content-Type" content="text/html;charset=utf-8" />
  <meta name='ocr-system' content='tesseract 3.04.00' />
  <meta name='ocr-capabilities' content='ocr_page ocr_carea ocr_par ocr_line ocrx_word'/>
</head>
<body>
  <div class='ocr_page' id='page_1' title='image "./compendiumiuris00tutgoog_0195.png"; bbox 0 0 2750 4270; ppageno 0'>
   <div class='ocr_carea' id='block_1_1' title="bbox 327 235 1165 294">
    <p class='ocr_par' dir='ltr' id='par_1_1' title="bbox 327 235 1165 294">
     <span class='ocr_line' id='line_1_1' title="bbox 327 235 1165 294; baseline -0.012 -2"><span class='ocrx_word' id='word_1_1' title='bbox 327 239 376 294; x_wconf 84' lang='lat'><em>186</em></span> <span class='ocrx_word' id='word_1_2' title='bbox 458 239 632 288; x_wconf 76' lang='lat' dir='ltr'><strong>TRACTATUS</strong></span> <span class='ocrx_word' id='word_1_3' title='bbox 655 241 694 287; x_wconf 84' lang='lat' dir='ltr'><em>DE</em></span> <span class='ocrx_word' id='word_1_4' title='bbox 719 237 909 286; x_wconf 81' lang='lat' dir='ltr'>HIERARCHIA</span> <span class='ocrx_word' id='word_1_5' title='bbox 930 235 1165 284; x_wconf 76' lang='lat' dir='ltr'><em>qulsnlculouls</em></span> 
     </span>
    </p>
   </div>
   <div class='ocr_carea' id='block_1_2' title="bbox 293 430 1343 3739">
    <p class='ocr_par' dir='ltr' id='par_1_2' title="bbox 293 430 1343 3744">
     <span class='ocr_line' id='line_1_2' title="bbox 324 430 1280 516; baseline -0.009 -15"><span class='ocrx_word' id='word_1_6' title='bbox 324 437 388 502; x_wconf 88' lang='lat' dir='ltr'><em>sine</em></span> <span class='ocrx_word' id='word_1_7' title='bbox 412 437 477 502; x_wconf 90' lang='lat' dir='ltr'><em>eius</em></span> <span class='ocrx_word' id='word_1_8' title='bbox 500 437 636 511; x_wconf 87' lang='lat' dir='ltr'><em>lieentia,</em></span> <span class='ocrx_word' id='word_1_9' title='bbox 653 435 746 500; x_wconf 89' lang='lat' dir='ltr'><em>mado</em></span> <span class='ocrx_word' id='word_1_10' title='bbox 763 455 824 500; x_wconf 90' lang='lat' dir='ltr'><em>nan</em></span> <span class='ocrx_word' id='word_1_11' title='bbox 848 432 1142 516; x_wconf 87' lang='lat' dir='ltr'><em>apponanturillius</em></span> <span class='ocrx_word' id='word_1_12' title='bbox 1157 430 1280 515; x_wconf 85' lang='lat' dir='ltr'><em>legibus,</em></span> 
     </span>
     <span class='ocr_line' id='line_1_3' title="bbox 324 528 1280 616; baseline -0.01 -17"><span class='ocrx_word' id='word_1_13' title='bbox 324 535 373 600; x_wconf 88' lang='lat' dir='ltr'><em>vel</em></span> <span class='ocrx_word' id='word_1_14' title='bbox 396 535 570 616; x_wconf 77' lang='lat' dir='ltr'>specialiter</span> <span class='ocrx_word' id='word_1_15' title='bbox 593 553 653 598; x_wconf 90' lang='lat' dir='ltr'><em>non</em></span> <span class='ocrx_word' id='word_1_16' title='bbox 678 533 719 596; x_wconf 90' lang='lat' dir='ltr'><em>sit</em></span> <span class='ocrx_word' id='word_1_17' title='bbox 743 533 780 596; x_wconf 90' lang='lat' dir='ltr'><em>de</em></span> <span class='ocrx_word' id='word_1_18' title='bbox 806 552 838 596; x_wconf 86' lang='lat' dir='ltr'><em>re</em></span> <span class='ocrx_word' id='word_1_19' title='bbox 863 529 1007 596; x_wconf 87' lang='lat' dir='ltr'><em>Pontifici</em></span> <span class='ocrx_word' id='word_1_20' title='bbox 1023 531 1190 593; x_wconf 86' lang='lat' dir='ltr'><em>reservata.</em></span> <span class='ocrx_word' id='word_1_21' title='bbox 1208 528 1280 590; x_wconf 89' lang='lat' dir='ltr'><em>Hinc</em></span> 
     </span>
     <span class='ocr_line' id='line_1_4' title="bbox 325 625 1282 712; baseline -0.007 -17"><span class='ocrx_word' id='word_1_22' title='bbox 325 632 364 696; x_wconf 88' lang='lat' dir='ltr'><em>ad</em></span> <span class='ocrx_word' id='word_1_23' title='bbox 387 651 449 695; x_wconf 88' lang='lat' dir='ltr'><em>rem</em></span> <span class='ocrx_word' id='word_1_24' title='bbox 476 631 660 694; x_wconf 89' lang='lat' dir='ltr'><em>Benedictus</em></span> <span class='ocrx_word' id='word_1_25' title='bbox 684 631 758 694; x_wconf 92' lang='lat' dir='ltr'><em>XlV</em></span> <span class='ocrx_word' id='word_1_26' title='bbox 784 631 844 708; x_wconf 91' lang='lat' dir='ltr'><em>(De</em></span> <span class='ocrx_word' id='word_1_27' title='bbox 868 629 951 712; x_wconf 80' lang='lat' dir='ltr'><em>Syn,</em></span> <span class='ocrx_word' id='word_1_28' title='bbox 979 631 1007 700; x_wconf 88' lang='lat' dir='ltr'><em>i,</em></span> <span class='ocrx_word' id='word_1_29' title='bbox 1034 627 1063 702; x_wconf 83' lang='lat'><em>7,</em></span> <span class='ocrx_word' id='word_1_30' title='bbox 1088 647 1114 690; x_wconf 88' lang='lat' dir='ltr'><em>c.</em></span> <span class='ocrx_word' id='word_1_31' title='bbox 1140 627 1191 710; x_wconf 84' lang='lat'><em>8):</em></span> <span class='ocrx_word' id='word_1_32' title='bbox 1208 625 1282 706; x_wconf 77' lang='lat' dir='ltr'><em>Epi·</em></span> 
     </span>
     <span class='ocr_line' id='line_1_5' title="bbox 324 722 1281 808; baseline -0.008 -15"><span class='ocrx_word' id='word_1_33' title='bbox 324 749 485 808; x_wconf 78' lang='lat' dir='ltr'><em>scoponum</em></span> <span class='ocrx_word' id='word_1_34' title='bbox 507 728 682 792; x_wconf 82' lang='lat' dir='ltr'><em>iurisdictio</em></span> <span class='ocrx_word' id='word_1_35' title='bbox 697 729 761 792; x_wconf 88' lang='lat' dir='ltr'><em>sine</em></span> <span class='ocrx_word' id='word_1_36' title='bbox 783 729 827 791; x_wconf 89' lang='lat' dir='ltr'><em>sit</em></span> <span class='ocrx_word' id='word_1_37' title='bbox 850 727 1026 790; x_wconf 74' lang='lat' dir='ltr'><em>immediate</em></span> <span class='ocrx_word' id='word_1_38' title='bbox 1041 745 1062 787; x_wconf 91' lang='lat' dir='ltr'><em>a</em></span> <span class='ocrx_word' id='word_1_39' title='bbox 1082 722 1209 787; x_wconf 76' lang='lat' dir='ltr'><em>Christe</em></span> <span class='ocrx_word' id='word_1_40' title='bbox 1223 723 1281 786; x_wconf 77' lang='lat' dir='ltr'><em>sune</em></span> 
     </span>
     <span class='ocr_line' id='line_1_6' title="bbox 324 823 1281 904; baseline -0.006 -15"><span class='ocrx_word' id='word_1_41' title='bbox 324 847 345 889; x_wconf 92' lang='lat' dir='ltr'><em>a</em></span> <span class='ocrx_word' id='word_1_42' title='bbox 369 827 495 890; x_wconf 83' lang='lat' dir='ltr'><em>Summa</em></span> <span class='ocrx_word' id='word_1_43' title='bbox 519 825 685 904; x_wconf 65' lang='lat' dir='ltr'><em>Pantitae,</em></span> <span class='ocrx_word' id='word_1_44' title='bbox 711 826 758 887; x_wconf 90' lang='lat' dir='ltr'><em>ita</em></span> <span class='ocrx_word' id='word_1_45' title='bbox 780 845 901 904; x_wconf 76' lang='lat' dir='ltr'><em>semper</em></span> <span class='ocrx_word' id='word_1_46' title='bbox 926 823 996 886; x_wconf 84' lang='lat' dir='ltr'><em>luia</em></span> <span class='ocrx_word' id='word_1_47' title='bbox 1019 823 1133 896; x_wconf 86' lang='lat' dir='ltr'><em>subest,</em></span> <span class='ocrx_word' id='word_1_48' title='bbox 1158 825 1192 883; x_wconf 93' lang='lat' dir='ltr'><em>ut</em></span> <span class='ocrx_word' id='word_1_49' title='bbox 1215 841 1281 884; x_wconf 88' lang='lat' dir='ltr'><em>can-</em></span> 
     </span>
     <span class='ocr_line' id='line_1_7' title="bbox 324 920 1282 996; baseline -0.007 -11"><span class='ocrx_word' id='word_1_50' title='bbox 324 922 528 986; x_wconf 75' lang='lat' dir='ltr'><em>sentientibus</em></span> <span class='ocrx_word' id='word_1_51' title='bbox 562 921 704 984; x_wconf 83' lang='lat' dir='ltr'><em>cmnibus</em></span> <span class='ocrx_word' id='word_1_52' title='bbox 738 921 908 996; x_wconf 73' lang='lat' dir='ltr'><em>catholicis,</em></span> <span class='ocrx_word' id='word_1_53' title='bbox 940 922 1007 983; x_wconf 89' lang='lat' dir='ltr'><em>eius</em></span> <span class='ocrx_word' id='word_1_54' title='bbox 1040 920 1223 982; x_wconf 78' lang='lat' dir='ltr'><em>auctoritate</em></span> <span class='ocrx_word' id='word_1_55' title='bbox 1256 920 1282 978; x_wconf 85' lang='lat' dir='ltr'><em>et</em></span> 
     </span>
     <span class='ocr_line' id='line_1_8' title="bbox 325 1016 1281 1099; baseline -0.007 -17"><span class='ocrx_word' id='word_1_56' title='bbox 325 1019 453 1099; x_wconf 82' lang='lat' dir='ltr'><em>imperia</em></span> <span class='ocrx_word' id='word_1_57' title='bbox 486 1018 619 1081; x_wconf 81' lang='lat' dir='ltr'><em>limitari</em></span> <span class='ocrx_word' id='word_1_58' title='bbox 647 1023 740 1098; x_wconf 78' lang='lat' dir='ltr'><em>atque</em></span> <span class='ocrx_word' id='word_1_59' title='bbox 771 1039 809 1082; x_wconf 81' lang='lat' dir='ltr'><em>en</em></span> <span class='ocrx_word' id='word_1_60' title='bbox 832 1017 973 1098; x_wconf 69' lang='lat' dir='ltr'><em>leuitima</em></span> <span class='ocrx_word' id='word_1_61' title='bbox 996 1036 1092 1080; x_wconf 88' lang='lat' dir='ltr'><em>causa</em></span> <span class='ocrx_word' id='word_1_62' title='bbox 1111 1016 1211 1094; x_wconf 79' lang='lat' dir='ltr'><em>possit</em></span> <span class='ocrx_word' id='word_1_63' title='bbox 1232 1034 1281 1076; x_wconf 90' lang='lat' dir='ltr'><em>au-</em></span> 
     </span>
     <span class='ocr_line' id='line_1_9' title="bbox 324 1113 1280 1198; baseline -0.006 -20"><span class='ocrx_word' id='word_1_64' title='bbox 324 1115 422 1196; x_wconf 61' lang='lat' dir='ltr'><em>ferri·</em></span> <span class='ocrx_word' id='word_1_65' title='bbox 448 1117 495 1180; x_wconf 92' lang='lat' dir='ltr'><em>vel</em></span> <span class='ocrx_word' id='word_1_66' title='bbox 519 1117 614 1180; x_wconf 87' lang='lat' dir='ltr'><em>etiam</em></span> <span class='ocrx_word' id='word_1_67' title='bbox 638 1117 702 1180; x_wconf 88' lang='lat' dir='ltr'><em>sinc</em></span> <span class='ocrx_word' id='word_1_68' title='bbox 726 1116 949 1198; x_wconf 81' lang='lat' dir='ltr'><em>Episcaperum</em></span> <span class='ocrx_word' id='word_1_69' title='bbox 972 1115 1073 1194; x_wconf 81' lang='lat' dir='ltr'><em>culpa,</em></span> <span class='ocrx_word' id='word_1_70' title='bbox 1095 1114 1147 1178; x_wconf 88' lang='lat' dir='ltr'><em>sed</em></span> <span class='ocrx_word' id='word_1_71' title='bbox 1171 1113 1208 1176; x_wconf 89' lang='lat' dir='ltr'><em>ad</em></span> <span class='ocrx_word' id='word_1_72' title='bbox 1232 1132 1280 1194; x_wconf 90' lang='lat' dir='ltr'><em>pu·</em></span> 
     </span>
     <span class='ocr_line' id='line_1_10' title="bbox 323 1208 1279 1295; baseline -0.008 -18"><span class='ocrx_word' id='word_1_73' title='bbox 323 1213 439 1278; x_wconf 88' lang='lat' dir='ltr'><em>blicam</em></span> <span class='ocrx_word' id='word_1_74' title='bbox 456 1213 608 1276; x_wconf 75' lang='lat' dir='ltr'><em>Ecclesiae</em></span> <span class='ocrx_word' id='word_1_75' title='bbox 623 1214 769 1276; x_wconf 85' lang='lat' dir='ltr'><em>benum...</em></span> <span class='ocrx_word' id='word_1_76' title='bbox 784 1212 1168 1295; x_wconf 85' lang='lat' dir='ltr'><em>(Scavini—Del-Vecchio,</em></span> <span class='ocrx_word' id='word_1_77' title='bbox 1185 1209 1244 1274; x_wconf 90' lang='lat' dir='ltr'><em>val.</em></span> <span class='ocrx_word' id='word_1_78' title='bbox 1256 1208 1279 1282; x_wconf 87' lang='grc' dir='ltr'><em>Ι,</em></span> 
     </span>
     <span class='ocr_line' id='line_1_11' title="bbox 370 1405 1279 1472; baseline -0.006 -1"><span class='ocrx_word' id='word_1_79' title='bbox 370 1409 445 1472; x_wconf 83' lang='grc'><strong>540.</strong></span> <span class='ocrx_word' id='word_1_80' title='bbox 469 1445 512 1454; x_wconf 82' lang='lat'><em>-—</em></span> <span class='ocrx_word' id='word_1_81' title='bbox 538 1408 593 1470; x_wconf 91' lang='lat' dir='ltr'><em>lll.</em></span> <span class='ocrx_word' id='word_1_82' title='bbox 617 1408 692 1472; x_wconf 90' lang='lat' dir='ltr'><em>Pius</em></span> <span class='ocrx_word' id='word_1_83' title='bbox 723 1409 768 1472; x_wconf 89' lang='lat' dir='ltr'><em>IX</em></span> <span class='ocrx_word' id='word_1_84' title='bbox 798 1409 1004 1472; x_wconf 79' lang='lat' dir='ltr'><strong>hierarchiam</strong></span> <span class='ocrx_word' id='word_1_85' title='bbox 1031 1405 1279 1471; x_wconf 82' lang='lat' dir='ltr'><em>restaurandam</em></span> 
     </span>
     <span class='ocr_line' id='line_1_12' title="bbox 324 1503 1278 1590; baseline -0.006 -21"><span class='ocrx_word' id='word_1_86' title='bbox 324 1505 438 1590; x_wconf 81' lang='lat' dir='ltr'><em>Anglia</em></span> <span class='ocrx_word' id='word_1_87' title='bbox 448 1506 556 1588; x_wconf 84' lang='lat' dir='ltr'><em>perlit.</em></span> <span class='ocrx_word' id='word_1_88' title='bbox 567 1506 625 1588; x_wconf 87' lang='lat' dir='ltr'><em>Ap.</em></span> <span class='ocrx_word' id='word_1_89' title='bbox 641 1505 836 1570; x_wconf 81' lang='lat' dir='ltr'><em>Universalis</em></span> <span class='ocrx_word' id='word_1_90' title='bbox 846 1505 1016 1581; x_wconf 76' lang='lat' dir='ltr'><em>Ecclesiae,</em></span> <span class='ocrx_word' id='word_1_91' title='bbox 1030 1525 1111 1569; x_wconf 89' lang='lat' dir='ltr'><em>anna</em></span> <span class='ocrx_word' id='word_1_92' title='bbox 1123 1505 1213 1578; x_wconf 80' lang='lat'><em>1850,</em></span> <span class='ocrx_word' id='word_1_93' title='bbox 1222 1503 1278 1566; x_wconf 90' lang='lat' dir='ltr'><em>ait:</em></span> 
     </span>
     <span class='ocr_line' id='line_1_13' title="bbox 327 1603 1280 1684; baseline 0 -22"><span class='ocrx_word' id='word_1_94' title='bbox 327 1627 345 1662; x_wconf 72' lang='lat' dir='ltr'><em>c</em></span> <span class='ocrx_word' id='word_1_95' title='bbox 360 1603 547 1684; x_wconf 82' lang='lat' dir='ltr'><em>Temparum</em></span> <span class='ocrx_word' id='word_1_96' title='bbox 571 1623 607 1666; x_wconf 93' lang='lat' dir='ltr'><em>ac</em></span> <span class='ocrx_word' id='word_1_97' title='bbox 629 1623 733 1668; x_wconf 82' lang='lat' dir='ltr'><em>rerum</em></span> <span class='ocrx_word' id='word_1_98' title='bbox 757 1604 903 1668; x_wconf 86' lang='lat' dir='ltr'><em>adiuncta</em></span> <span class='ocrx_word' id='word_1_99' title='bbox 924 1604 1056 1668; x_wconf 86' lang='lat' dir='ltr'><em>effecisse</em></span> <span class='ocrx_word' id='word_1_100' title='bbox 1080 1603 1280 1666; x_wconf 81' lang='lat' dir='ltr'><em>sentiebamus</em></span> 
     </span>
     <span class='ocr_line' id='line_1_14' title="bbox 323 1698 1279 1784; baseline -0.006 -20"><span class='ocrx_word' id='word_1_101' title='bbox 323 1702 359 1764; x_wconf 91' lang='lat' dir='ltr'><em>ut</em></span> <span class='ocrx_word' id='word_1_102' title='bbox 382 1719 501 1764; x_wconf 86' lang='lat' dir='ltr'><em>necesse</em></span> <span class='ocrx_word' id='word_1_103' title='bbox 526 1719 584 1763; x_wconf 90' lang='lat' dir='ltr'><em>nan</em></span> <span class='ocrx_word' id='word_1_104' title='bbox 608 1701 649 1764; x_wconf 88' lang='lat' dir='ltr'><em>sit</em></span> <span class='ocrx_word' id='word_1_105' title='bbox 673 1700 792 1764; x_wconf 88' lang='lat' dir='ltr'><em>diutius</em></span> <span class='ocrx_word' id='word_1_106' title='bbox 813 1701 947 1784; x_wconf 86' lang='lat' dir='ltr'><em>Angliae</em></span> <span class='ocrx_word' id='word_1_107' title='bbox 963 1701 1135 1764; x_wconf 87' lang='lat' dir='ltr'><em>catholicae</em></span> <span class='ocrx_word' id='word_1_108' title='bbox 1152 1698 1279 1762; x_wconf 87' lang='lat' dir='ltr'><em>fidelesa</em></span> 
     </span>
     <span class='ocr_line' id='line_1_15' title="bbox 323 1798 1278 1882; baseline -0.003 -22"><span class='ocrx_word' id='word_1_109' title='bbox 323 1798 455 1862; x_wconf 86' lang='lat' dir='ltr'><em>Viaariis</em></span> <span class='ocrx_word' id='word_1_110' title='bbox 478 1798 666 1880; x_wconf 70' lang='lat' dir='ltr'><em>apostolicis</em></span> <span class='ocrx_word' id='word_1_111' title='bbox 690 1801 864 1882; x_wconf 85' lang='lat' dir='ltr'><em>gubernari,</em></span> <span class='ocrx_word' id='word_1_112' title='bbox 889 1801 952 1864; x_wconf 89' lang='lat' dir='ltr'><em>ima</em></span> <span class='ocrx_word' id='word_1_113' title='bbox 979 1818 1048 1864; x_wconf 87' lang='lat' dir='ltr'><em>vcra</em></span> <span class='ocrx_word' id='word_1_114' title='bbox 1065 1799 1160 1862; x_wconf 90' lang='lat' dir='ltr'><em>talem</em></span> <span class='ocrx_word' id='word_1_115' title='bbox 1183 1814 1278 1860; x_wconf 88' lang='lat' dir='ltr'><em>rerum</em></span> 
     </span>
     <span class='ocr_line' id='line_1_16' title="bbox 322 1893 1279 1980; baseline -0.005 -20"><span class='ocrx_word' id='word_1_116' title='bbox 322 1896 547 1960; x_wconf 85' lang='lat' dir='ltr'><em>conversionem</em></span> <span class='ocrx_word' id='word_1_117' title='bbox 572 1915 636 1960; x_wconf 90' lang='lat' dir='ltr'><em>esse</em></span> <span class='ocrx_word' id='word_1_118' title='bbox 660 1896 786 1972; x_wconf 89' lang='lat' dir='ltr'><em>factam,</em></span> <span class='ocrx_word' id='word_1_119' title='bbox 811 1899 847 1960; x_wconf 91' lang='lat' dir='ltr'><em>ut</em></span> <span class='ocrx_word' id='word_1_120' title='bbox 870 1896 1026 1961; x_wconf 88' lang='lat' dir='ltr'><em>Ordinarii</em></span> <span class='ocrx_word' id='word_1_121' title='bbox 1043 1895 1200 1980; x_wconf 84' lang='lat' dir='ltr'><em>regiminis</em></span> <span class='ocrx_word' id='word_1_122' title='bbox 1213 1893 1279 1975; x_wconf 80' lang='lat' dir='ltr'><em>Epi·</em></span> 
     </span>
     <span class='ocr_line' id='line_1_17' title="bbox 323 1990 1278 2078; baseline -0.004 -21"><span class='ocrx_word' id='word_1_123' title='bbox 323 1993 455 2075; x_wconf 82' lang='lat' dir='ltr'><em>scopulis</em></span> <span class='ocrx_word' id='word_1_124' title='bbox 472 1994 602 2056; x_wconf 85' lang='lat' dir='ltr'><em>formam</em></span> <span class='ocrx_word' id='word_1_125' title='bbox 618 1994 817 2078; x_wconf 85' lang='lat' dir='ltr'><em>efflagitaret.</em></span> <span class='ocrx_word' id='word_1_126' title='bbox 832 2021 849 2053; x_wconf 63' lang='lat' dir='ltr'><em>a</em></span> <span class='ocrx_word' id='word_1_127' title='bbox 877 1995 983 2060; x_wconf 89' lang='lat' dir='ltr'><em>Unde:</em></span> <span class='ocrx_word' id='word_1_128' title='bbox 1013 1992 1140 2058; x_wconf 78' lang='lat' dir='ltr'><em>Certum</em></span> <span class='ocrx_word' id='word_1_129' title='bbox 1155 1990 1278 2070; x_wconf 74' lang='lat' dir='ltr'><em>estEpi·</em></span> 
     </span>
     <span class='ocr_line' id='line_1_18' title="bbox 323 2091 1279 2174; baseline -0.006 -18"><span class='ocrx_word' id='word_1_130' title='bbox 323 2111 438 2172; x_wconf 80' lang='lat' dir='ltr'><em>scopos,</em></span> <span class='ocrx_word' id='word_1_131' title='bbox 462 2091 556 2154; x_wconf 88' lang='lat' dir='ltr'><em>semel</em></span> <span class='ocrx_word' id='word_1_132' title='bbox 573 2094 768 2172; x_wconf 78' lang='lat' dir='ltr'><em>praepositos</em></span> <span class='ocrx_word' id='word_1_133' title='bbox 783 2093 932 2174; x_wconf 73' lang='lat' dir='ltr'><em>reqimini</em></span> <span class='ocrx_word' id='word_1_134' title='bbox 945 2092 1117 2169; x_wconf 81' lang='lat' dir='ltr'><em>Ecclesiae,</em></span> <span class='ocrx_word' id='word_1_135' title='bbox 1141 2113 1199 2156; x_wconf 87' lang='lat' dir='ltr'><em>non</em></span> <span class='ocrx_word' id='word_1_136' title='bbox 1218 2108 1279 2153; x_wconf 89' lang='lat' dir='ltr'><em>esse</em></span> 
     </span>
     <span class='ocr_line' id='line_1_19' title="bbox 323 2184 1280 2270; baseline -0.003 -18"><span class='ocrx_word' id='word_1_137' title='bbox 323 2209 423 2254; x_wconf 83' lang='lat' dir='ltr'><em>meros</em></span> <span class='ocrx_word' id='word_1_138' title='bbox 446 2189 578 2252; x_wconf 84' lang='lat' dir='ltr'><em>vicarias</em></span> <span class='ocrx_word' id='word_1_139' title='bbox 604 2187 722 2270; x_wconf 80' lang='lat' dir='ltr'><em>Papae,</em></span> <span class='ocrx_word' id='word_1_140' title='bbox 740 2191 827 2256; x_wconf 86' lang='lat' dir='ltr'><em>nuda</em></span> <span class='ocrx_word' id='word_1_141' title='bbox 844 2194 965 2254; x_wconf 93' lang='lat' dir='ltr'><em>tantum</em></span> <span class='ocrx_word' id='word_1_142' title='bbox 981 2191 1191 2254; x_wconf 85' lang='lat' dir='ltr'><em>commissione</em></span> <span class='ocrx_word' id='word_1_143' title='bbox 1198 2209 1208 2265; x_wconf 91' lang='lat'><em>,·</em></span> <span class='ocrx_word' id='word_1_144' title='bbox 1228 2184 1280 2250; x_wconf 85' lang='lat' dir='ltr'><em>sul</em></span> 
     </span>
     <span class='ocr_line' id='line_1_20' title="bbox 323 2285 1277 2368; baseline -0.002 -18"><span class='ocrx_word' id='word_1_145' title='bbox 323 2308 409 2351; x_wconf 80' lang='lat' dir='ltr'><em>aeros</em></span> <span class='ocrx_word' id='word_1_146' title='bbox 432 2306 497 2350; x_wconf 89' lang='lat' dir='ltr'><em>csse</em></span> <span class='ocrx_word' id='word_1_147' title='bbox 521 2285 673 2350; x_wconf 87' lang='lat' dir='ltr'><em>Pastores</em></span> <span class='ocrx_word' id='word_1_148' title='bbox 696 2289 764 2351; x_wconf 87' lang='lat' dir='ltr'><em>ium</em></span> <span class='ocrx_word' id='word_1_149' title='bbox 788 2287 1122 2368; x_wconf 70' lang='lat' dir='ltr'><em>ordinario&#39;palleutes</em></span> <span class='ocrx_word' id='word_1_150' title='bbox 1151 2288 1185 2350; x_wconf 91' lang='lat' dir='ltr'><em>iu</em></span> <span class='ocrx_word' id='word_1_151' title='bbox 1209 2304 1277 2366; x_wconf 77' lang='lat' dir='ltr'><em>pro·</em></span> 
     </span>
     <span class='ocr_line' id='line_1_21' title="bbox 318 2383 570 2464; baseline 0 -18"><span class='ocrx_word' id='word_1_152' title='bbox 318 2386 396 2464; x_wconf 77' lang='lat' dir='ltr'><em>pria</em></span> <span class='ocrx_word' id='word_1_153' title='bbox 419 2383 570 2447; x_wconf 86' lang='lat' dir='ltr'><em>Diocaesi.</em></span> 
     </span>
     <span class='ocr_line' id='line_1_22' title="bbox 293 2473 1277 2559; baseline -0.001 -15"><span class='ocrx_word' id='word_1_154' title='bbox 293 2473 298 2484; x_wconf 89' lang='lat'>&#39;</span> <span class='ocrx_word' id='word_1_155' title='bbox 371 2483 446 2544; x_wconf 77' lang='lat'><em>541.</em></span> <span class='ocrx_word' id='word_1_156' title='bbox 479 2520 523 2528; x_wconf 93' lang='lat'>-</span> <span class='ocrx_word' id='word_1_157' title='bbox 553 2483 611 2545; x_wconf 84' lang='lat' dir='ltr'><em>lV.</em></span> <span class='ocrx_word' id='word_1_158' title='bbox 642 2485 675 2547; x_wconf 85' lang='lat' dir='ltr'><em>Sr</em></span> <span class='ocrx_word' id='word_1_159' title='bbox 697 2501 818 2559; x_wconf 76' lang='lat' dir='ltr'><em>saraam</em></span> <span class='ocrx_word' id='word_1_160' title='bbox 841 2501 976 2548; x_wconf 75' lang='lat' dir='ltr'><em>arreum</em></span> <span class='ocrx_word' id='word_1_161' title='bbox 999 2485 1211 2549; x_wconf 78' lang='lat' dir='ltr'><em>Errscamran</em></span> <span class='ocrx_word' id='word_1_162' title='bbox 1236 2499 1277 2544; x_wconf 86' lang='lat' dir='ltr'><em>ra·</em></span> 
     </span>
     <span class='ocr_line' id='line_1_23' title="bbox 326 2580 1276 2664; baseline -0.001 -20"><span class='ocrx_word' id='word_1_163' title='bbox 326 2581 409 2644; x_wconf 89' lang='lat' dir='ltr'><em>tione</em></span> <span class='ocrx_word' id='word_1_164' title='bbox 432 2581 584 2645; x_wconf 87' lang='lat' dir='ltr'><em>benorum</em></span> <span class='ocrx_word' id='word_1_165' title='bbox 607 2583 839 2664; x_wconf 86' lang='lat' dir='ltr'><em>temporalium,</em></span> <span class='ocrx_word' id='word_1_166' title='bbox 863 2583 922 2646; x_wconf 90' lang='lat' dir='ltr'><em>erit</em></span> <span class='ocrx_word' id='word_1_167' title='bbox 946 2582 1113 2660; x_wconf 88' lang='lat' dir='ltr'><em>illicitum;</em></span> <span class='ocrx_word' id='word_1_168' title='bbox 1138 2584 1164 2647; x_wconf 90' lang='lat' dir='ltr'><em>si</em></span> <span class='ocrx_word' id='word_1_169' title='bbox 1179 2583 1213 2646; x_wconf 92' lang='lat' dir='ltr'><em>ab</em></span> <span class='ocrx_word' id='word_1_170' title='bbox 1227 2580 1276 2644; x_wconf 87' lang='lat' dir='ltr'><em>cel·</em></span> 
     </span>
     <span class='ocr_line' id='line_1_24' title="bbox 325 2679 1277 2762; baseline -0.003 -20"><span class='ocrx_word' id='word_1_171' title='bbox 325 2679 491 2742; x_wconf 90' lang='lat' dir='ltr'><em>situdinem</em></span> <span class='ocrx_word' id='word_1_172' title='bbox 516 2679 641 2762; x_wconf 85' lang='lat' dir='ltr'><em>gradus,</em></span> <span class='ocrx_word' id='word_1_173' title='bbox 667 2682 726 2744; x_wconf 88' lang='lat' dir='ltr'><em>erit</em></span> <span class='ocrx_word' id='word_1_174' title='bbox 742 2683 1046 2762; x_wconf 86' lang='lat' dir='ltr'><em>praesumptuosum.</em></span> <span class='ocrx_word' id='word_1_175' title='bbox 1071 2679 1131 2745; x_wconf 85' lang='lat' dir='ltr'><em>Sed</em></span> <span class='ocrx_word' id='word_1_176' title='bbox 1146 2682 1277 2762; x_wconf 89' lang='lat' dir='ltr'><em>appetere</em></span> 
     </span>
     <span class='ocr_line' id='line_1_25' title="bbox 325 2775 1278 2858; baseline -0.003 -19"><span class='ocrx_word' id='word_1_177' title='bbox 325 2775 470 2858; x_wconf 80' lang='lat' dir='ltr'><em>proximis</em></span> <span class='ocrx_word' id='word_1_178' title='bbox 494 2777 646 2857; x_wconf 78' lang='lat' dir='ltr'><em>prodesse,</em></span> <span class='ocrx_word' id='word_1_179' title='bbox 672 2779 719 2840; x_wconf 91' lang='lat' dir='ltr'><em>est</em></span> <span class='ocrx_word' id='word_1_180' title='bbox 742 2777 899 2840; x_wconf 82' lang='lat' dir='ltr'><em>laudabile</em></span> <span class='ocrx_word' id='word_1_181' title='bbox 916 2777 1084 2842; x_wconf 88' lang='lat' dir='ltr'><em>secundum</em></span> <span class='ocrx_word' id='word_1_182' title='bbox 1108 2797 1150 2842; x_wconf 90' lang='lat' dir='ltr'><em>se.</em></span> <span class='ocrx_word' id='word_1_183' title='bbox 1176 2777 1278 2842; x_wconf 86' lang='lat' dir='ltr'><em>Veram</em></span> 
     </span>
     <span class='ocr_line' id='line_1_26' title="bbox 325 2873 1277 2956; baseline -0.002 -18"><span class='ocrx_word' id='word_1_184' title='bbox 325 2875 400 2955; x_wconf 78' lang='lat' dir='ltr'><em>quia</em></span> <span class='ocrx_word' id='word_1_185' title='bbox 418 2877 515 2954; x_wconf 76' lang='lat' dir='ltr'><em>prout</em></span> <span class='ocrx_word' id='word_1_186' title='bbox 538 2878 584 2938; x_wconf 92' lang='lat' dir='ltr'><em>est</em></span> <span class='ocrx_word' id='word_1_187' title='bbox 614 2874 797 2956; x_wconf 77' lang='lat' dir='ltr'><em>episcopalis</em></span> <span class='ocrx_word' id='word_1_188' title='bbox 826 2879 922 2952; x_wconf 88' lang='lat' dir='ltr'><em>aetus,</em></span> <span class='ocrx_word' id='word_1_189' title='bbox 957 2875 1049 2940; x_wconf 82' lang='lat' dir='ltr'><em>labet</em></span> <span class='ocrx_word' id='word_1_190' title='bbox 1077 2877 1140 2939; x_wconf 91' lang='lat' dir='ltr'><em>iam</em></span> <span class='ocrx_word' id='word_1_191' title='bbox 1170 2873 1277 2956; x_wconf 71' lang='lat' dir='ltr'><em>aradus</em></span> 
     </span>
     <span class='ocr_line' id='line_1_27' title="bbox 325 2970 1279 3055; baseline -0.004 -19"><span class='ocrx_word' id='word_1_192' title='bbox 325 2971 547 3046; x_wconf 80' lang='lat' dir='ltr'><em>celsitudinem,</em></span> <span class='ocrx_word' id='word_1_193' title='bbox 578 2975 870 3054; x_wconf 87' lang='lat' dir='ltr'><em>praesumptuosum</em></span> <span class='ocrx_word' id='word_1_194' title='bbox 904 2973 1036 3050; x_wconf 87' lang='lat' dir='ltr'><em>videtur,</em></span> <span class='ocrx_word' id='word_1_195' title='bbox 1070 2974 1150 3055; x_wconf 89' lang='lat' dir='ltr'><em>quad</em></span> <span class='ocrx_word' id='word_1_196' title='bbox 1177 2970 1279 3053; x_wconf 87' lang='lat' dir='ltr'><em>aliquis</em></span> 
     </span>
     <span class='ocr_line' id='line_1_28' title="bbox 325 3070 1278 3153; baseline -0.001 -20"><span class='ocrx_word' id='word_1_197' title='bbox 325 3088 464 3152; x_wconf 88' lang='lat' dir='ltr'><em>praeesse</em></span> <span class='ocrx_word' id='word_1_198' title='bbox 488 3071 616 3151; x_wconf 89' lang='lat' dir='ltr'><em>appetat</em></span> <span class='ocrx_word' id='word_1_199' title='bbox 640 3070 679 3133; x_wconf 89' lang='lat' dir='ltr'><em>ad</em></span> <span class='ocrx_word' id='word_1_200' title='bbox 702 3070 761 3134; x_wconf 87' lang='lat' dir='ltr'><em>hae</em></span> <span class='ocrx_word' id='word_1_201' title='bbox 777 3070 859 3151; x_wconf 91' lang='lat' dir='ltr'><em>quad</em></span> <span class='ocrx_word' id='word_1_202' title='bbox 876 3071 1009 3134; x_wconf 85' lang='lat' dir='ltr'><em>subditis</em></span> <span class='ocrx_word' id='word_1_203' title='bbox 1024 3072 1130 3153; x_wconf 84' lang='lat' dir='ltr'><em>presit,</em></span> <span class='ocrx_word' id='word_1_204' title='bbox 1148 3071 1205 3136; x_wconf 89' lang='lat' dir='ltr'><em>nisi</em></span> <span class='ocrx_word' id='word_1_205' title='bbox 1220 3087 1278 3132; x_wconf 88' lang='lat' dir='ltr'><em>me·</em></span> 
     </span>
     <span class='ocr_line' id='line_1_29' title="bbox 325 3168 1278 3251; baseline -0.003 -20"><span class='ocrx_word' id='word_1_206' title='bbox 325 3168 437 3232; x_wconf 86' lang='lat' dir='ltr'><em>nifesta</em></span> <span class='ocrx_word' id='word_1_207' title='bbox 461 3168 644 3232; x_wconf 85' lang='lat' dir='ltr'><em>necessitate</em></span> <span class='ocrx_word' id='word_1_208' title='bbox 668 3168 859 3232; x_wconf 86' lang='lat' dir='ltr'><em>imminente.</em></span> <span class='ocrx_word' id='word_1_209' title='bbox 883 3168 919 3231; x_wconf 92' lang='lat' dir='ltr'><em>ln</em></span> <span class='ocrx_word' id='word_1_210' title='bbox 946 3171 1156 3251; x_wconf 85' lang='lat' dir='ltr'><em>assumptione</em></span> <span class='ocrx_word' id='word_1_211' title='bbox 1178 3168 1278 3250; x_wconf 79' lang='lat' dir='ltr'><em>episce</em></span> 
     </span>
     <span class='ocr_line' id='line_1_30' title="bbox 326 3263 1277 3348; baseline -0.006 -18"><span class='ocrx_word' id='word_1_212' title='bbox 326 3267 418 3348; x_wconf 88' lang='lat' dir='ltr'><em>patus</em></span> <span class='ocrx_word' id='word_1_213' title='bbox 442 3266 502 3330; x_wconf 90' lang='lat' dir='ltr'><em>dua</em></span> <span class='ocrx_word' id='word_1_214' title='bbox 527 3267 600 3330; x_wconf 89' lang='lat' dir='ltr'><em>sunt</em></span> <span class='ocrx_word' id='word_1_215' title='bbox 622 3266 858 3330; x_wconf 85' lang='lat' dir='ltr'><em>consideranda:</em></span> <span class='ocrx_word' id='word_1_216' title='bbox 883 3267 1127 3348; x_wconf 87' lang='lat' dir='ltr'><em>primoquidem</em></span> <span class='ocrx_word' id='word_1_217' title='bbox 1152 3263 1277 3348; x_wconf 83' lang='lat' dir='ltr'><em>quidde</em></span> 
     </span>
     <span class='ocr_line' id='line_1_31' title="bbox 326 3364 1274 3446; baseline -0.003 -20"><span class='ocrx_word' id='word_1_218' title='bbox 326 3365 395 3428; x_wconf 91' lang='lat' dir='ltr'><em>ceat</em></span> <span class='ocrx_word' id='word_1_219' title='bbox 407 3364 561 3428; x_wconf 89' lang='lat' dir='ltr'><em>hominem</em></span> <span class='ocrx_word' id='word_1_220' title='bbox 574 3365 717 3445; x_wconf 87' lang='lat' dir='ltr'><em>appetere</em></span> <span class='ocrx_word' id='word_1_221' title='bbox 729 3364 896 3428; x_wconf 90' lang='lat' dir='ltr'><em>secundum</em></span> <span class='ocrx_word' id='word_1_222' title='bbox 909 3365 1066 3446; x_wconf 83' lang='lat' dir='ltr'><em>proprium</em></span> <span class='ocrx_word' id='word_1_223' title='bbox 1078 3365 1274 3432; x_wconf 71' lang='lat' dir='ltr'><em>veluntatem</em></span> 
     </span>
     <span class='ocr_line' id='line_1_32' title="bbox 327 3458 1343 3574; baseline -0.007 -49"><span class='ocrx_word' id='word_1_224' title='bbox 327 3461 458 3525; x_wconf 87' lang='lat' dir='ltr'><em>secunda</em></span> <span class='ocrx_word' id='word_1_225' title='bbox 482 3461 556 3542; x_wconf 86' lang='lat' dir='ltr'><em>quid</em></span> <span class='ocrx_word' id='word_1_226' title='bbox 580 3461 737 3524; x_wconf 88' lang='lat' dir='ltr'><em>hominem</em></span> <span class='ocrx_word' id='word_1_227' title='bbox 769 3461 876 3526; x_wconf 89' lang='lat' dir='ltr'><em>deceat</em></span> <span class='ocrx_word' id='word_1_228' title='bbox 910 3463 1009 3526; x_wconf 88' lang='lat' dir='ltr'><em>iacere</em></span> <span class='ocrx_word' id='word_1_229' title='bbox 1027 3461 1073 3526; x_wconf 88' lang='lat' dir='ltr'><em>&#39;ed</em></span> <span class='ocrx_word' id='word_1_230' title='bbox 1096 3458 1272 3528; x_wconf 83' lang='lat' dir='ltr'><em>voluntatem</em></span> <span class='ocrx_word' id='word_1_231' title='bbox 1342 3485 1343 3574; x_wconf 32' lang='grc' dir='ltr'>ἢ</span> 
     </span>
     <span class='ocr_line' id='line_1_33' title="bbox 326 3557 1343 3644; baseline -0.009 -21"><span class='ocrx_word' id='word_1_232' title='bbox 326 3559 465 3623; x_wconf 88' lang='lat' dir='ltr'><em>alterius.</em></span> <span class='ocrx_word' id='word_1_233' title='bbox 491 3557 649 3637; x_wconf 82' lang='lat' dir='ltr'><em>Quantum</em></span> <span class='ocrx_word' id='word_1_234' title='bbox 673 3577 745 3640; x_wconf 85' lang='lat' dir='ltr'><em>erga</em></span> <span class='ocrx_word' id='word_1_235' title='bbox 769 3559 809 3622; x_wconf 92' lang='lat' dir='ltr'><em>ad</em></span> <span class='ocrx_word' id='word_1_236' title='bbox 832 3560 987 3641; x_wconf 86' lang='lat' dir='ltr'><em>propriam</em></span> <span class='ocrx_word' id='word_1_237' title='bbox 1011 3560 1199 3624; x_wconf 88' lang='lat' dir='ltr'><em>voluntatem</em></span> <span class='ocrx_word' id='word_1_238' title='bbox 1217 3571 1271 3616; x_wconf 90' lang='lat' dir='ltr'><em>can·</em></span> <span class='ocrx_word' id='word_1_239' title='bbox 1342 3587 1343 3644; x_wconf 46' lang='lat' dir='ltr'><em>i</em></span> 
     </span>
     <span class='ocr_line' id='line_1_34' title="bbox 326 3644 1343 3739; baseline -0.006 -19"><span class='ocrx_word' id='word_1_240' title='bbox 326 3658 412 3721; x_wconf 90' lang='lat' dir='ltr'><em>venit</em></span> <span class='ocrx_word' id='word_1_241' title='bbox 435 3657 553 3721; x_wconf 87' lang='lat' dir='ltr'><em>homini</em></span> <span class='ocrx_word' id='word_1_242' title='bbox 569 3656 779 3737; x_wconf 88' lang='lat' dir='ltr'><em>principaliter</em></span> <span class='ocrx_word' id='word_1_243' title='bbox 795 3657 935 3720; x_wconf 88' lang='lat' dir='ltr'><em>insistere</em></span> <span class='ocrx_word' id='word_1_244' title='bbox 951 3657 1092 3739; x_wconf 83' lang='lat' dir='ltr'><em>propriae</em></span> <span class='ocrx_word' id='word_1_245' title='bbox 1107 3654 1212 3728; x_wconf 86' lang='lat' dir='ltr'><em>saluti;</em></span> <span class='ocrx_word' id='word_1_246' title='bbox 1229 3644 1269 3714; x_wconf 85' lang='lat' dir='ltr'><em>sed</em></span> <span class='ocrx_word' id='word_1_247' title='bbox 1342 3655 1343 3726; x_wconf 75' lang='lat' dir='ltr'><em>l</em></span> 
     </span>
    </p>
   </div>
   <div class='ocr_carea' id='block_1_3' title="bbox 0 0 1380 4260">
    <p class='ocr_par' dir='ltr' id='par_1_3' title="bbox 0 0 1380 4260">
     <span class='ocr_line' id='line_1_35' title="bbox 0 0 1380 4260; baseline 0 0"><span class='ocrx_word' id='word_1_248' title='bbox 0 0 1380 4260; x_wconf 95' lang='lat' dir='ltr'><em> </em></span> 
     </span>
    </p>
   </div>
  </div>
 </body>
</html>
