2818 4276
299 177 348 231 162
426 178 600 226 tancradus
625 179 663 224 DE
687 177 877 225 drusiacum
899 177 1133 224 Iustisnlcrlonus

296 271 479 279 ’.ἡ

295 378 396 460 capite
420 376 590 441 dissideret.
616 402 632 434 »
668 376 716 458 (S.
747 376 809 440 Leo
832 375 876 438 M.
901 376 991 458 epist.
1019 375 1063 438 84
1087 374 1127 438 ed
1147 374 1242 437 Arest.

295 475 500 550 Thessaloni.

341 575 415 638 466.
443 611 481 621 --
507 574 559 636 11..
578 598 594 632 o
611 575 690 640 Cum
706 573 847 656 Apostoli
863 574 925 636 fere
941 591 1047 636 omnes
1070 572 1147 635 lixas
1166 571 1246 634 Sedes

300 698 318 732 ‹
333 692 392 737 non
408 672 583 748 habuerint,
601 671 744 754 Episcopi
759 671 981 754 Apostolorum
997 689 1184 734 successores
1198 669 1249 732 dici

299 795 317 830 o
333 789 394 834 non
418 771 557 852 possunt,
582 771 642 833 nisi
666 771 696 833 in
719 789 839 853 genere,
864 771 901 832 ut
923 768 1097 849 loquuntur
1112 767 1249 849 Theologi

300 868 433 932 «nostri
457 867 608 950 polemici,
633 867 664 930 id
688 869 745 942 est,
771 867 831 931 dici
855 886 915 932 non
946 868 1080 948 possunt
1101 865 1251 948 speciatim

158 999 165 1012 κ
300 983 523 1030 <successores
547 964 698 1042 Andreae,
723 965 772 1029 vel
794 965 942 1047 Philippi,
966 983 1099 1045 quorum
1128 962 1253 1027 auctori·

301 1087 318 1122 ‹
335 1063 394 1138 tas,
419 1081 489 1125 cum
513 1063 756 1127 extraordinaria
780 1061 872 1138 ecset,
895 1081 966 1125 cum
990 1061 1065 1143 ipsis
1095 1060 1220 1124 interiit.
1235 1084 1251 1117 ›

298 1159 385 1243 (Nat.
409 1158 520 1243 Ales).

342 1258 418 1322 467.
435 1294 479 1306 —-
495 1257 551 1320 ΙΙΙ.
568 1258 613 1322 Ea
629 1259 677 1322 est
692 1260 805 1322 natura
820 1257 1010 1322 hierarchiae
1026 1257 1257 1329 ecclesiasticae,

297 1355 334 1420 ut
345 1354 495 1420 eiusmodi
507 1354 644 1436 superior
660 1354 797 1438 dignitas
808 1354 983 1418 inferiorem
997 1373 1058 1418 non
1070 1352 1258 1436 supprimat3

298 1451 351 1534 qui
374 1451 488 1516 dicitur
512 1451 724 1534 Metropolita,
749 1453 828 1516 idem
847 1453 894 1516 est
916 1451 1104 1534 Episcopus:
1129 1450 1261 1514 Petrian-

297 1548 354 1614 cha
379 1551 426 1613 est
449 1549 543 1614 simul
566 1548 827 1632 Metropolitanus
851 1551 932 1614 sicut
947 1549 1095 1614 Summus
1110 1547 1262 1622 Pontifex,

297 1647 335 1710 ut
358 1645 544 1721 notavimus,
571 1647 618 1710 est
642 1649 736 1730 caput
768 1647 931 1723 Ecclesiae,
963 1646 1148 1710 Patriarcha
1177 1644 1263 1708 Occi-

298 1742 408 1819 dentis,
422 1743 544 1807 Primas
560 1744 682 1820 ltaliae,
695 1745 899 1827 Metropolita
914 1744 1092 1826 provinciae
1107 1761 1264 1817 romanae,

298 1841 465 1924 Episcopus
489 1841 617 1906 Romae.
644 1840 850 1927 (Huguenin).

344 1939 419 2001 468.
443 1975 488 1984 -
514 1939 607 2021 driqo
634 1941 899 2006 Patriarcuarum.
923 1977 968 1986 —
991 1941 1016 2004 i.
1040 1939 1184 2022 Episcopi
1216 1957 1266 2002 or-

299 2035 369 2100 dine
392 2055 490 2118 parcs,
516 2037 726 2102 iurisdictione
749 2040 855 2102 tamen
878 2041 910 2102 et
933 2039 1061 2120 imperio
1092 2035 1268 2119 superiores

299 2134 373 2198 sunt
395 2133 491 2196 etiam
516 2133 726 2212 Patriarchae,
758 2136 923 2212 Primates,
950 2135 1180 2217 Metropolitae.
1204 2133 1269 2197 Pa-

299 2229 451 2294 triarchas
463 2231 552 2312 quasi
564 2231 696 2296 Paruum
709 2250 866 2298 Perusinus
878 2233 1102 2314 interpretatur
1117 2231 1268 2304 Isidorus,

300 2329 332 2392 et
355 2329 402 2391 ius
415 2327 538 2409 quidem
550 2329 791 2411 patriarchicum
803 2331 938 2395 Nicacno
952 2329 1089 2394 Concilio
1106 2329 1270 2410 antiquius

300 2427 356 2492 cst.
375 2424 433 2489 Sed
449 2426 515 2490 eius
531 2428 663 2492 nominis
680 2429 780 2510 prima
798 2430 913 2494 mentio
930 2429 1063 2492 occurrit
1079 2428 1110 2490 in
1127 2425 1270 2490 Concilio

301 2523 550 2601 Chalcedonensi‚
575 2525 713 2607 illudque
736 2527 872 2608 primum
896 2526 1044 2609 singulari
1068 2525 1203 2606 quadam
1219 2543 1272 2588 ra-

300 2622 383 2686 tione
414 2621 544 2686 Summo
575 2623 730 2699 Pontifici,
762 2623 904 2706 deinceps
928 2623 1023 2687 ctiam
1046 2621 1271 2698 Alexandrino,

299 2719 503 2797 Antiocheno,
527 2722 658 2802 postque
681 2721 977 2804 Hierosolymitano,
991 2720 1121 2800 aliisque
1134 2720 1274 2782 nonnul-

300 2817 340 2882 lis
358 2817 501 2882 Exarchis
518 2817 691 2882 imitatione
715 2819 850 2900 quadam
874 2819 1029 2884 tributum
1049 2819 1096 2882 est
1113 2817 1273 2902 (Devoti).

346 2915 421 2978 469.
446 2951 488 2962 -
512 2915 554 2979 Il.
586 2915 713 2998 Proprie
741 2916 781 2978 ad
812 2917 992 2998 praecipuos
1024 2915 1177 2979 Euarchus
1208 2913 1276 2978 Pa·

300 3014 454 3078 triarchas
477 3013 644 3096 appellatio
679 3015 822 3096 pertinet,
860 3014 912 3077 sed
936 3013 1091 3077 intordum
1114 3012 1274 3076 etiamad

301 3111 456 3178 Euarchas
479 3112 629 3176 minorum
655 3113 806 3195 gentium,
830 3113 942 3194 qualis,
966 3131 1011 3175 ex.
1036 3112 1174 3194 gr.,erat
1197 3108 1276 3192 Epi-

301 3228 411 3293 scopus
436 3209 653 3285 Caesariensis,
678 3209 822 3274 traducta
846 3211 893 3273 est
916 3209 998 3291 (id).

347 3308 422 3372 470.
447 3346 490 3354 -
514 3307 571 3371 ΙΙΙ.
599 3307 740 3386 Quctnor
763 3327 835 3388 erpo
858 3313 935 3370 suot
961 3308 1095 3370 maiores
1118 3305 1276 3370 Patitor-

302 3403 410 3469 elatas
433 3406 569 3488 (praeter
592 3405 770 3468 Romanum
794 3406 996 3486 undequaque
1019 3404 1202 3468 nobiliorem
1216 3421 1275 3466 au·

303 3503 509 3586 ctoritateque
533 3523 569 3567 ac
585 3505 741 3585 potestate
764 3503 968 3584 maximum:
995 3503 1029 3564 l⁰
1053 3500 1275 3565 Constantino
