2758 4270
306 231 361 284 334
586 235 760 283 amuranus
783 237 823 282 DE
846 235 992 316 Passurus
1016 237 1018 241 ’

308 433 381 496 bent
404 433 443 496 eb
466 431 628 497 Ordinario
651 433 722 508 loci,
745 433 778 496 in
809 451 870 514 quo
901 432 1126 514 eleemosynam
1152 430 1267 511 quaeri·

308 533 375 593 tare
399 531 584 593 desiderant.

353 627 428 690 976.
451 663 497 672 -
519 627 574 690 IV.
592 649 610 690 ‹
625 627 712 692 Nihil
727 629 832 692 tamen
847 627 987 710 impedit,
1004 627 1169 708 quominus
1184 643 1265 704 supe-

245 789 250 796 ,
307 725 452 789 riorissae
464 725 550 788 nulla
562 723 813 807 petite'licentia,
830 726 869 789 ad
886 723 1108 789 sublevandam
1125 723 1264 786 domuum

299 824 358 887 'vel
381 825 503 904 piorum
528 843 665 905 operum,
683 825 795 906 quibus
819 826 964 906 praesunt
990 823 1140 904 inopiam,
1156 820 1265 902 possint

307 921 518 1003 eleemosynas
535 921 737 1003 undequaque
753 925 862 1003 sponte
879 922 1002 986 oblatas
1014 921 1141 1000 accepto
1154 917 1263 990 habere,

309 1018 358 1080 vel
381 1019 476 1081 etiam
500 1039 554 1100 por
576 1019 700 1082 litteras
723 1020 891 1102 impetrare
906 1019 946 1082 ab
969 1018 1107 1080 honestis
1131 1035 1167 1079 ac
1188 1015 1264 1078 bene*

309 1116 389 1180 volis
412 1117 549 1204 persenis
565 1118 818 1198 quibuscumque,
835 1117 1008 1198 usquedum
1032 1135 1050 1178 a
1067 1115 1207 1198 legitimo
1222 1131 1264 1175 su-

307 1214 427 1295 periore
449 1215 629 1278 rationabili
653 1235 805 1279 excausa
829 1233 890 1279 non
913 1215 1148 1298 prohibeantur.

339 1308 429 1396 '977-
456 1350 496 1357 -
521 1313 559 1376 V.
588 1339 606 1371 ι
621 1313 802 1377 Ordinarius
818 1313 887 1388 loci,
911 1313 942 1375 in
960 1330 1021 1392 quc
1046 1312 1150 1374 exstat
1164 1309 1263 1372 domus

307 1428 449 1474 sororum
474 1412 649 1492 quaeritare
673 1411 854 1487 volentium,
879 1411 1037 1474 licentiam
1062 1409 1107 1471 eis
1132 1425 1191 1470 non
1205 1423 1263 1468 con·

226 1524 228 1531 '
306 1509 411 1573 cedat:
439 1511 471 1571 1⁰
495 1510 521 1572 si
544 1509 581 1572 de
604 1529 676 1572 vera
700 1510 811 1574 domus
834 1510 884 1572 vel
906 1509 950 1591 pii
974 1507 1075 1589 operis
1092 1503 1263 1570 necessitate

286 1595 290 1600 ’
307 1608 368 1672 sibi
392 1609 604 1680 noneonstet3
622 1608 655 1668 2’
672 1608 698 1670 si
715 1607 902 1688 quaeritatio
917 1606 1079 1670 commode
1095 1603 1162 1668 fieri
1176 1601 1264 1685 possit

231 1773 232 1776 ,
309 1724 362 1786 per
385 1706 464 1768 alios
487 1706 526 1768 ab
549 1706 683 1786 ipsomet
699 1704 862 1769 Ordinatio
878 1703 1094 1787 designandos.
1121 1702 1152 1766 Si
1169 1703 1264 1764 autem

308 1803 485 1866 necessitati
509 1803 627 1866 occurri
652 1802 755 1865 valeat
779 1821 831 1883 per
856 1801 1117 1882 quaeritationem
1142 1800 1173 1862 in
1195 1798 1264 1870 loco,

308 1899 341 1962 in
364 1918 424 1981 quo
448 1917 564 1964 sorores
587 1899 730 1972 resident,
755 1899 805 1962 vel
827 1899 1081 1980 infrapropriam
1099 1895 1264 1967 dioecesim,

306 1996 489 2060 Ordinarius
512 1997 671 2060 licentiam
701 1996 816 2060 eisdem
839 2015 900 2061 non
922 1996 1126 2078 impertiatur
1149 1993 1267 2057 eleemo

233 2157 236 2162 ,
310 2112 402 2176 synas
425 2093 591 2176 colligendi
614 2095 701 2156 extra
725 2092 899 2157 dioecesim.

355 2191 429 2253 978.
458 2229 492 2235 —
515 2190 569 2252 Vl.
591 2214 608 2248 e·
622 2190 763 2271 Utraque
778 2190 904 2254 licentia
920 2190 1068 2254 tradatur
1082 2189 1184 2272 gratis
1200 2186 1230 2249 et
1241 2185 1267 2246 in

308 2288 443 2369 scriptis,
460 2288 492 2350 in
509 2306 569 2368 qua
587 2287 718 2368 quilibet
733 2286 916 2351 Ordinarius
939 2289 1023 2370 leges
1036 2287 1069 2349 et
1084 2284 1268 2350 conditiones

227 2395 228 2398 ’
309 2385 465 2465 imponere
489 2385 614 2465 poterit,
631 2403 708 2464 quas
724 2403 777 2466 pro
793 2385 943 2460 locorum,
959 2387 1139 2466 temporum
1164 2383 1195 2445 et
1209 2397 1269 2462 per-

309 2499 455 2544 sonarum
479 2481 633 2545 adiunctis
655 2483 756 2564 magis
774 2484 965 2563 opportunas
988 2482 1020 2544 in
1037 2481 1175 2544 Domino
1198 2476 1268 2551 iuli<

307 2580 436 2642 caverit.
461 2579 598 2642 Licentia
623 2597 694 2642 vero
718 2578 871 2642 Ordinarii
903 2580 973 2660 piae
997 2597 1144 2642 sororum
1168 2574 1270 2640 domus

308 2676 465 2739 contineat
480 2676 603 2739 litteras
621 2676 671 2738 vel
687 2676 915 2740 commissorias
931 2676 971 2738 ad
986 2675 1138 2758 parochos
1162 2674 1270 2738 aliasve

308 2772 474 2854 prudentes
497 2791 643 2854 personas
668 2791 721 2853 pro
745 2774 903 2837 sororibus
918 2772 1173 2854 quaeritantibus
1197 2772 1271 2834 intra

308 2869 482 2946 dioecesim,
507 2870 556 2932 vel
578 2870 849 2934 commendatitias
873 2871 912 2934 ad
935 2871 1119 2934 Ordinarios
1144 2871 1272 2934 aliarum

308 2967 491 3031 dioecesium
525 2986 580 3048 pro
613 2968 771 3031 sororibus
801 2969 888 3032 extra
920 2970 1080 3051 propriam
1113 2967 1272 3034 dioecesim

308 3066 566 3146 quaeritantibus.
590 3065 626 3127 In
649 3065 763 3128 litteris
785 3066 1008 3130 commissoriis
1032 3067 1203 3130 mandetur
1228 3083 1273 3146 pa-

308 3162 410 3226 rochis
433 3163 542 3226 aliisve
565 3162 668 3244 probis
695 3163 842 3244 personis,
874 3164 912 3226 ut
934 3164 1074 3228 consiliis
1099 3169 1133 3228 et
1160 3161 1273 3227 meliori

307 3278 370 3340 qua
394 3261 522 3341 possunt
537 3279 628 3342 opera
641 3262 764 3341 praesto
777 3261 841 3324 sint
857 3262 1024 3336 sororibus,
1039 3281 1150 3325 earum
1168 3259 1273 3344 agendi

307 3357 462 3420 rationem
490 3357 664 3440 invigilent,
688 3357 720 3420 et
748 3358 776 3422 si
799 3359 874 3439 quid
897 3359 929 3421 in
960 3359 1005 3422 eis
1029 3361 1135 3423 minus
1159 3361 1272 3422 rectum

307 3453 497 3528 resciverint,
521 3453 631 3516 statim
646 3454 705 3534 ipsi
721 3453 883 3520 Ordinario
899 3457 1046 3522 referant.
1072 3460 1109 3524 ln
1125 3475 1271 3524 commen·

308 3551 430 3616 datitiis
452 3549 613 3613 exorentur
635 3549 789 3614 Ordinarii
804 3552 954 3629 locorum,
969 3555 1008 3617 ut
1024 3555 1056 3618 in
1073 3573 1131 3619 sua
1148 3555 1271 3638 quisque
