2758 4270
288 259 353 306 GAP.
371 259 406 317 Ν.
419 233 470 303 ¹DE
494 256 649 303 Mosseffls
672 257 710 302 ΕΤ
732 255 947 304 REGULARIBUS
1052 252 1104 306 327

131 457 209 522 fidei
242 456 437 519 honestative
467 473 589 518 morum
620 474 717 536 nequa
752 455 847 520 sacris
881 455 1050 520 canonibus
1073 457 1104 520 et

133 554 327 620 Pontificum
343 553 474 616 decretis
486 553 697 628 adversentur,
721 555 753 616 et
776 554 802 616 si
818 555 890 635 apte
914 554 1033 617 statuto
1049 553 1104 617 fini

131 653 332 718 conveniant.

180 747 370 813 ass-11.
388 772 404 805 e
419 749 786 826 Domusnullanovarum
804 747 1006 812 sodalitatum
1020 748 1103 812 iusto
1127 828 1130 834 ,

132 849 203 912 iure
228 846 420 922 fundabitur,
441 845 500 909 nisi
524 847 677 910 annuente
693 847 841 928 probante
857 846 1017 929 Episcopo.
1035 846 1104 929 Epi-

132 965 248 1028 scopus
272 963 343 1008 vero
368 943 517 1008 fundandi
541 945 663 1008 reniam
679 963 716 1008 ne
732 945 902 1026 impertiat,
927 944 985 1008 nisi
1005 945 1102 1025 inqui·

130 1045 249 1108 sitione
273 1042 437 1125 diligenter
459 1043 530 1105 aeta
555 1043 662 1122 quales
685 1043 749 1128 sint
764 1042 817 1124 qui
840 1042 871 1106 id
895 1044 1038 1124 poscant:
1063 1061 1119 1117 an,

131 1144 218 1205 recte
249 1141 403 1222 probeque
433 1139 579 1214 sentiant,
612 1158 652 1202 an
685 1139 850 1221 prudentia
885 1139 1027 1222 praediti,
1063 1133 1103 1204 an

129 1238 242 1304 studio
259 1237 381 1301 divinae
396 1237 524 1320 gloriae,
541 1255 675 1318 suaeque
698 1240 731 1300 et
753 1238 872 1301 alienae
887 1239 1000 1302 salutis
1015 1257 1103 1320 prae-

131 1338 226 1420 cipue
250 1335 346 1399 ducti.

179 1437 256 1500 952.
283 1470 322 1480 -
347 1433 405 1497 Ill.
426 1457 443 1492 «
467 1433 620 1516 Episcopi,
646 1434 748 1516 quoad
772 1423 837 1499 fieri
869 1436 968 1517 possit
999 1435 1103 1516 potius

132 1553 232 1617 quam
255 1544 367 1598 novam
392 1533 423 1596 in
439 1533 545 1614 aliquo
561 1551 671 1616 genere
687 1533 886 1598 sodalitatem
903 1533 1038 1598 condant
1053 1533 1103 1596 vel

133 1632 308 1716 approbent
330 1630 440 1695 utilius
464 1649 558 1694 unam
583 1630 749 1710 quamdam
774 1631 944 1695 adsciscent
972 1631 1008 1694 de
1039 1631 1101 1694 iam

133 1730 325 1812 approbatis,
350 1745 428 1809 quae
451 1727 581 1792 actionis
605 1727 787 1791 inst'tutum
817 1727 1000 1810 profiteatur
1023 1727 1102 1792 adsi·

134 1829 219 1892 mile.
234 1863 276 1872 -
288 1825 402 1890 Nullae
425 1827 497 1900 fere,
511 1826 542 1888 ni
566 1826 644 1917 forte
660 1826 691 1889 in
704 1825 897 1890 Missioaum
912 1826 1101 1910 regionibus,

132 1927 303 2008 probentur
327 1923 511 1988 sodalitates
534 1943 623 2005 quae,
647 1925 730 1988 certo
754 1924 939 2005 proprioque
963 1923 1023 1986 fine
1040 1941 1100 1988 non

132 2023 332 2105 praestituto,
358 2022 485 2102 quaevis
508 2022 649 2086 universe
673 2023 799 2102 pietatis
823 2041 859 2085 ac
885 2021 1102 2086 beneficentiae

133 2139 236 2202 opera,
250 2119 374 2183 etiamsi
390 2119 513 2200 penitus
530 2119 612 2182 inter
627 2137 659 2182 se
675 2118 840 2194 disiuncta,
857 2118 1022 2183 exercenda
1038 2137 1102 2182 em·
1208 2127 1211 2134 '

132 2218 319 2300 plectantur.
344 2217 484 2298 Episcopi
515 2216 714 2280 sodalitatem
745 2217 835 2281 condi
867 2217 964 2280 ullam
997 2235 1032 2279 ne
1060 2218 1101 2280 si-

133 2317 244 2392 verint,
281 2333 359 2397 quae
393 2314 565 2379 redditibus
588 2315 694 2377 careat
732 2314 772 2377 ad
802 2315 955 2380 sodalium
983 2316 1101 2379 victum
1171 2315 1179 2320 “

132 2413 321 2478 necessariis.
347 2451 389 2460 -
413 2413 575 2488 Sodalitia,
589 2431 668 2494 quae
692 2413 772 2496 stipe
795 2414 950 2478 collaticia
973 2415 1101 2490 vivant;
1171 2455 1175 2464 ‹

131 2513 208 2576 item
233 2511 398 2576 muliebres
422 2511 569 2585 familias,
594 2531 674 2602 quac
690 2514 835 2595 aegrotis,
853 2513 935 2576 domi
952 2513 1101 2595 ipsorum,

131 2609 268 2675 interdiu
292 2611 446 2691 noctuque
470 2609 583 2686 adsint,
607 2612 797 2685 cautissime,
822 2612 896 2694 quin
927 2611 1022 2674 etiam
1046 2611 1103 2674 dii-

131 2707 254 2771 ficulter
266 2709 473 2789 comprobent.
498 2745 522 2752 -
542 2708 573 2772 si
587 2727 666 2790 quae
682 2711 788 2773 autem
805 2727 883 2773 nova
896 2709 1101 2774 foeminarum

130 2806 283 2874 sodalitas
307 2824 342 2869 eo
367 2807 485 2887 spectet
508 2808 545 2869 ut
568 2807 632 2870 suis
655 2807 687 2870 in
719 2807 846 2871 aedibus
875 2807 1103 2872 valetudinaria

130 2905 253 2987 aperiat
274 2903 352 2968 viris
376 2905 548 2985 promiscue
571 2905 792 2970 mulieribusve
823 2906 1023 2988 excipiendis3
1052 2905 1102 2969 vel

130 3002 254 3067 similes
273 3001 382 3066 domos
406 3002 589 3083 excipiendis
620 3004 840 3082 sacerdotibus,
869 3005 922 3086 qui
954 3003 1100 3068 Sororum

130 3119 205 3165 cura
229 3101 323 3181 atque
348 3117 438 3181 opera
462 3102 659 3184 aegrotantes
683 3102 843 3178 leventur3
867 3102 1019 3167 eiusmodi
1035 3122 1101 3185 pro·
1150 3168 1152 3172 ,

130 3198 233 3282 posita
257 3197 398 3278 Episcopi
422 3216 459 3261 ne
482 3198 611 3280 probent
634 3199 693 3262 nisi
716 3202 842 3265 maturo
859 3199 999 3266 adhibito
1016 3219 1102 3264 sevc-

100 3301 103 3308 '
129 3313 225 3376 roque
248 3293 386 3358 consilio.
406 3329 450 3342 -
469 3293 633 3358 Praeterea
649 3295 791 3378 Episcopi
811 3297 1027 3381 religiosarum
1052 3298 1102 3362 do·

130 3411 210 3468 mus,
227 3393 280 3456 ubi
304 3393 378 3456 viris
403 3392 587 3457 foeminisvc'
606 3411 731 3476 peregre
749 3393 983 3459 advenientibus
999 3395 1101 3476 hospi·
1161 3421 1162 3424 ¹

129 3491 208 3554 tium
228 3490 387 3572 victusque
403 3491 527 3571 accepto
540 3489 638 3571 pretio
652 3490 882 3572 suppedidetur,
904 3511 1101 3575 nequaquam

131 3588 328 3670 permittant.
836 3632 840 3639 -

176 3686 252 3750 953.
269 3721 313 3732 --
336 3685 391 3749 IV.
412 3684 600 3750 «Sodalibus
617 3686 744 3768 quaevis
760 3687 942 3752 dioecesana
958 3689 997 3754 ad
1021 3689 1103 3756 dioe-
