2758 4270
319 283 373 337 282
600 283 772 331 sudoribus
796 285 835 332 DE
859 283 1004 331 PERSONIS

321 378 432 384 —,...,-.-
448 379 503 383 .-,-.
514 378 606 384 .-...,-.,
614 379 646 383 ....
653 373 1265 384 ...-—.......-...-—-—-———-—-——·—-·---·

320 487 464 549 tenentur
487 504 630 549 revocare
661 487 875 564 apostatasset
905 481 1065 564 fugitivos,
1089 480 1219 564 Fugitivi
1239 479 1266 541 in

320 584 385 646 iure
409 584 660 674 aequiparantur·
673 583 836 664 apostatis.

365 679 440 742 839.
465 715 508 724 —
533 679 572 742 ll.
601 678 663 758 Qui
696 679 920 742 eonsentientes
952 677 1154 740 dimittantur
1174 673 1218 736 oei
1236 693 1271 735 ec

320 779 404 840 tosto
428 796 523 840 caasa
547 777 714 840 eiiciantur
737 777 830 840 iuviti
851 778 922 858 post
946 775 1019 838 vota
1044 773 1201 855 simplicia,
1216 771 1269 834 eri-

319 877 448 938 muntnr
471 876 676 939 communiter
698 877 738 940 ab
755 874 1000 959 obligationibus
1016 873 1120 936 status
1136 870 1269 952 religiosi,

321 973 385 1035 sive
408 992 426 1036 a
451 973 534 1047 voto,
560 973 624 1035 sive
648 992 666 1035 a
696 973 804 1056 regula
835 971 1011 1054 procedant,
1037 973 1069 1033 et
1099 969 1273 1033 reducuntur

320 1069 475 1133 advitam
503 1069 702 1133 saecularem.
732 1107 764 1116 -·
800 1069 972 1149 Excipitur
994 1071 1098 1132 cotum
1122 1065 1270 1137 castitatis,

321 1166 404 1246 quod
424 1169 467 1228 sit
487 1167 570 1228 olims
592 1166 733 1230 absolute
749 1171 946 1247 perpetuam.

367 1265 441 1326 840.
465 1301 508 1310 -—
532 1265 589 1328 ill.
613 1265 770 1345 Reiiyioci
793 1263 1033 1345 incorrigibilem
1054 1267 1128 1343 post
1149 1266 1213 1326 coto
1233 1279 1270 1322 co·

323 1361 446 1436 brania,
471 1363 562 1424 iccio
585 1383 719 1426 cormaco
741 1362 812 1426 elici
828 1367 973 1442 possunt.
998 1361 1105 1425 Eiccie'
1126 1361 1273 1423 remanent

321 1457 471 1540 religiosi.
498 1496 537 1504 -
566 1460 597 1522 1¹¹
622 1460 778 1524 Tenentur
802 1480 833 1524 se
857 1460 1029 1535 emendare,
1047 1460 1209 1523 utiterum
1230 1454 1272 1518 ad·
1352 1457 1353 1526 ἶ

320 1558 405 1620 mitti
429 1559 616 1622 mereantur.
646 1597 682 1604 -
709 1561 744 1622 2⁰
769 1559 860 1623 Votis
880 1558 1072 1641 obligantur,
1089 1559 1122 1620 et
1137 1575 1171 1620 ea
1187 1554 1272 1618 obser·
1352 1593 1353 1612 2

321 1658 398 1718 rant
413 1657 566 1736 quantum
583 1657 746 1737 patiuntur
762 1656 1026 1730 circumstantiae,
1046 1675 1075 1718 v.
1093 1674 1124 1738 g.
1141 1651 1275 1718 obediunt

322 1752 490 1834 Episcop03
519 1772 592 1816 suae
625 1755 843 1819 sustentationi
875 1753 1049 1834 provident.
1075 1791 1118 1798 —
1143 1753 1178 1814 3⁰
1208 1749 1274 1814 Sunt
1352 1751 1353 1800 l

322 1852 461 1931 suspensi
484 1870 502 1914 a
526 1851 736 1915 functionibus
768 1849 929 1914 Ordinum.
954 1887 998 1896 —
1022 1849 1196 1914 Servandus
1218 1865 1275 1910 con·

322 1946 455 2011 ditiones
471 1949 501 2011 in
515 1948 691 2028 expulsione
703 1947 934 2030 incorrigibilis,
945 1965 1032 2010 secus
1042 1946 1171 2028 (meiius
1185 1942 1274 2024 bodie)

321 2045 537 2108 recurrendum
562 2046 601 2110 ad
626 2039 713 2108 Rom.
745 2045 936 2109 Pontificem.
972 2079 1013 2090 -
1038 2045 1207 2126 Episcopus
1227 2039 1273 2105 loci

321 2141 352 2204 in
377 2161 437 2223 qno
462 2143 577 2206 eiectus
600 2142 702 2207 sedem
731 2143 856 2218 statuit,
886 2162 947 2207 non
972 2143 1077 2224 potest
1108 2156 1274 2225 cognoscere

321 2240 358 2303 de
382 2241 503 2304 iustitia
528 2241 698 2304 sententiae
722 2241 920 2322 expulsionis.
950 2279 982 2285 -
1014 2237 1077 2302 cfr.
1096 2239 1238 2302 Ferraris.

367 2338 441 2400 841.
466 2375 510 2382 -
539 2335 659 2400 Ouasae
690 2336 870 2401 delictorum
895 2341 925 2400 et
946 2335 1230 2418 iecoraiyibc'iitatis
1249 2332 1271 2394 in

245 2431 248 2436 ’
322 2435 482 2508 monache,
500 2454 535 2498 er
552 2433 663 2498 Glossa
680 2435 711 2498 in
728 2433 823 2498 Clem.
841 2435 867 2511 Ι,
891 2434 928 2498 dc
945 2436 1020 2498 stat.
1045 2433 1189 2498 monach.
1205 2430 1273 2494 verb.
1350 2469 1351 2486 .

327 2527 458 2594 Cariae:
487 2532 690 2596 «Duodecim
714 2534 787 2596 sunt
821 2533 985 2596 abusiones
1010 2531 1152 2601 claustri.
1177 2529 1273 2612 quibus

322 2629 391 2691 tota
414 2629 557 2712 religiosa
573 2648 676 2692 massa
693 2629 920 2710 corrumpitur:
933 2628 1101 2709 praelatus
1117 2627 1271 2708 coelipeta,

322 2724 493 2804 discipraias
516 2725 705 2801 inobediens,
737 2727 859 2790 iuuenis
883 2728 1010 2802 otiosos,
1034 2747 1133 2790 semea
1156 2725 1272 2789 obsitae
1349 2795 1350 2808 χ

324 2826 382 2896 iac,
406 2821 575 2908 monachus
597 2823 738 2898 curialis,
762 2824 931 2887 monachus
950 2824 1141 2899 causidicus,
1166 2821 1273 2885 buitim

317 2919 485 2997 pretiosae,
509 2917 595 2981 cibas
618 2921 801 2998 exquisitus,
828 2941 935 2984 rumor
957 2923 993 2984 in
1017 2920 1166 2995 elaustro,
1191 2918 1227 2982 iis
1246 2916 1272 2977 in

327 3012 481 3094 Capitale,
506 3015 668 3078 dissolutio
692 3017 725 3079 ta
756 3016 856 3093 ebore,
889 3019 1097 3081 irreverentia
1130 3019 1209 3081 circo
1234 3011 1269 3076 oi·

324 3115 391 3174 iore
406 3136 437 3173 ».

368 3209 443 3271 842.
468 3246 512 3254 -
532 3211 698 3288 irensibus
716 3213 859 3276 monaehi
877 3213 916 3277 ad
936 3213 1125 3294 religionem
1151 3209 1270 3277 strietio-

324 3322 402 3387 rem,
426 3306 474 3369 cci
495 3307 659 3369 arctiorem
683 3306 720 3371 de
743 3308 809 3371 iure
832 3311 987 3373 communi
1014 3311 1159 3375 omnibus
1185 3322 1270 3371 conce·

323 3401 409 3466 ditur
432 3404 482 3484 (ut
505 3405 622 3468 dictum
647 3406 719 3489 est),
750 3407 860 3490 petita,
891 3409 923 3470 et
946 3409 1042 3472 etiam
1076 3428 1135 3474 non
1163 3401 1269 3470 obtenta

323 3498 522 3582 Superiornm
545 3501 679 3578 licentia,
711 3504 845 3585 exceptis
868 3505 944 3586 ipsis
975 3505 1199 3588 Superioribus,
1227 3514 1270 3582 pr⁰

322 3597 436 3676 quibus
448 3596 478 3660 S.
496 3596 582 3660 Sedis
597 3598 722 3663 licentia
738 3601 916 3681 requiritur.
932 3601 1030 3666 Ratio
1043 3609 1099 3680 est,
1114 3603 1183 3685 quia
1195 3610 1268 3662 nemo

1350 2133 1352 2174 i
