<?xml version="1.0" encoding="UTF-8"?>
<!DOCTYPE html PUBLIC "-//W3C//DTD XHTML 1.0 Transitional//EN"
    "http://www.w3.org/TR/xhtml1/DTD/xhtml1-transitional.dtd">
<html xmlns="http://www.w3.org/1999/xhtml" xml:lang="en" lang="en">
 <head>
  <title>
</title>
<meta http-equiv="Content-Type" content="text/html;charset=utf-8" />
  <meta name='ocr-system' content='tesseract 3.04.00' />
  <meta name='ocr-capabilities' content='ocr_page ocr_carea ocr_par ocr_line ocrx_word'/>
</head>
<body>
  <div class='ocr_page' id='page_1' title='image "./compendiumiuris00tutgoog_0263.png"; bbox 0 0 2750 4270; ppageno 0'>
   <div class='ocr_carea' id='block_1_1' title="bbox 304 227 998 280">
    <p class='ocr_par' dir='ltr' id='par_1_1' title="bbox 304 227 998 280">
     <span class='ocr_line' id='line_1_1' title="bbox 304 227 998 280; baseline -0.009 0"><span class='ocrx_word' id='word_1_1' title='bbox 304 227 357 280; x_wconf 82' lang='grc'><strong>254</strong></span> <span class='ocrx_word' id='word_1_2' title='bbox 590 228 764 276; x_wconf 78' lang='lat' dir='ltr'><strong>TRAG&#39;I&#39;ATUS</strong></span> <span class='ocrx_word' id='word_1_3' title='bbox 788 229 827 276; x_wconf 90' lang='lat' dir='ltr'><strong>DE</strong></span> <span class='ocrx_word' id='word_1_4' title='bbox 851 228 998 276; x_wconf 84' lang='lat' dir='ltr'><strong>PERSONIS</strong></span> 
     </span>
    </p>
   </div>
   <div class='ocr_carea' id='block_1_2' title="bbox 238 425 1264 1870">
    <p class='ocr_par' dir='ltr' id='par_1_2' title="bbox 303 425 1264 704">
     <span class='ocr_line' id='line_1_2' title="bbox 303 425 1264 508; baseline -0.003 -17"><span class='ocrx_word' id='word_1_5' title='bbox 303 428 458 492; x_wconf 79' lang='lat' dir='ltr'><strong>modernis</strong></span> <span class='ocrx_word' id='word_1_6' title='bbox 482 427 676 508; x_wconf 75' lang='lat' dir='ltr'><strong>temporibus</strong></span> <span class='ocrx_word' id='word_1_7' title='bbox 700 427 951 508; x_wconf 84' lang='lat' dir='ltr'><strong>frequentissima</strong></span> <span class='ocrx_word' id='word_1_8' title='bbox 977 426 1008 489; x_wconf 93' lang='lat' dir='ltr'><strong>in</strong></span> <span class='ocrx_word' id='word_1_9' title='bbox 1025 425 1199 490; x_wconf 88' lang='lat' dir='ltr'><strong>nationibus</strong></span> <span class='ocrx_word' id='word_1_10' title='bbox 1221 444 1264 488; x_wconf 88' lang='lat' dir='ltr'><strong>ca·</strong></span> 
     </span>
     <span class='ocr_line' id='line_1_3' title="bbox 304 524 1262 600; baseline -0.001 -11"><span class='ocrx_word' id='word_1_11' title='bbox 304 526 438 600; x_wconf 91' lang='lat' dir='ltr'><strong>tholicis,</strong></span> <span class='ocrx_word' id='word_1_12' title='bbox 463 526 518 588; x_wconf 90' lang='lat' dir='ltr'><strong>ubi</strong></span> <span class='ocrx_word' id='word_1_13' title='bbox 541 544 576 588; x_wconf 80' lang='lat' dir='ltr'><strong>ex</strong></span> <span class='ocrx_word' id='word_1_14' title='bbox 602 524 780 588; x_wconf 82' lang='lat' dir='ltr'><strong>liberalium</strong></span> <span class='ocrx_word' id='word_1_15' title='bbox 800 525 961 590; x_wconf 91' lang='lat' dir='ltr'><strong>hominum</strong></span> <span class='ocrx_word' id='word_1_16' title='bbox 978 525 1103 588; x_wconf 89' lang='lat' dir='ltr'><strong>malitia</strong></span> <span class='ocrx_word' id='word_1_17' title='bbox 1126 541 1183 587; x_wconf 92' lang='lat' dir='ltr'><strong>non</strong></span> <span class='ocrx_word' id='word_1_18' title='bbox 1198 542 1262 588; x_wconf 88' lang='lat' dir='ltr'><strong>raro</strong></span> 
     </span>
     <span class='ocr_line' id='line_1_4' title="bbox 305 621 1192 704; baseline -0.003 -19"><span class='ocrx_word' id='word_1_19' title='bbox 305 622 495 686; x_wconf 74' lang='lat' dir='ltr'><strong>sanctissimi</strong></span> <span class='ocrx_word' id='word_1_20' title='bbox 516 621 686 686; x_wconf 91' lang='lat' dir='ltr'><strong>Antistites</strong></span> <span class='ocrx_word' id='word_1_21' title='bbox 709 623 740 686; x_wconf 93' lang='lat' dir='ltr'><strong>in</strong></span> <span class='ocrx_word' id='word_1_22' title='bbox 764 623 855 688; x_wconf 85' lang='lat' dir='ltr'><strong>exilio</strong></span> <span class='ocrx_word' id='word_1_23' title='bbox 880 623 983 686; x_wconf 86' lang='lat' dir='ltr'><strong>vivere</strong></span> <span class='ocrx_word' id='word_1_24' title='bbox 1007 623 1192 704; x_wconf 85' lang='lat' dir='ltr'><strong>coguntur...</strong></span> 
     </span>
    </p>

    <p class='ocr_par' dir='ltr' id='par_1_3' title="bbox 238 717 1262 1870">
     <span class='ocr_line' id='line_1_5' title="bbox 351 717 1262 800; baseline -0.002 -19"><span class='ocrx_word' id='word_1_25' title='bbox 351 719 425 782; x_wconf 85' lang='lat'><strong>731.</strong></span> <span class='ocrx_word' id='word_1_26' title='bbox 456 757 499 774; x_wconf 92' lang='lat'><strong>-.—</strong></span> <span class='ocrx_word' id='word_1_27' title='bbox 523 717 556 782; x_wconf 86' lang='lat' dir='ltr'><strong>Si</strong></span> <span class='ocrx_word' id='word_1_28' title='bbox 579 737 651 782; x_wconf 89' lang='lat' dir='ltr'><strong>vero</strong></span> <span class='ocrx_word' id='word_1_29' title='bbox 668 719 837 800; x_wconf 79' lang='lat' dir='ltr'><strong>Episcopus</strong></span> <span class='ocrx_word' id='word_1_30' title='bbox 848 717 942 798; x_wconf 82' lang='lat' dir='ltr'><strong>piene</strong></span> <span class='ocrx_word' id='word_1_31' title='bbox 958 723 988 781; x_wconf 83' lang='lat' dir='ltr'><strong>et</strong></span> <span class='ocrx_word' id='word_1_32' title='bbox 1010 717 1156 796; x_wconf 81' lang='lat' dir='ltr'><strong>complete</strong></span> <span class='ocrx_word' id='word_1_33' title='bbox 1176 717 1262 796; x_wconf 86' lang='lat' dir='ltr'><strong>impe·</strong></span> 
     </span>
     <span class='ocr_line' id='line_1_6' title="bbox 306 814 1261 894; baseline -0.003 -16"><span class='ocrx_word' id='word_1_34' title='bbox 306 816 394 879; x_wconf 83' lang='lat' dir='ltr'><strong>ditur</strong></span> <span class='ocrx_word' id='word_1_35' title='bbox 416 817 456 880; x_wconf 84' lang='lat' dir='ltr'><strong>od</strong></span> <span class='ocrx_word' id='word_1_36' title='bbox 486 817 632 880; x_wconf 75' lang='lat' dir='ltr'><strong>exercitio</strong></span> <span class='ocrx_word' id='word_1_37' title='bbox 664 816 903 892; x_wconf 69' lang='lat' dir='ltr'><strong>iurisdictionis</strong></span> <span class='ocrx_word' id='word_1_38' title='bbox 936 817 1031 879; x_wconf 81' lang='lat' dir='ltr'><strong>etiarn</strong></span> <span class='ocrx_word' id='word_1_39' title='bbox 1048 835 1110 894; x_wconf 85' lang='lat' dir='ltr'><strong>per</strong></span> <span class='ocrx_word' id='word_1_40' title='bbox 1141 814 1261 888; x_wconf 75' lang='lat' dir='ltr'><strong>litteras,</strong></span> 
     </span>
     <span class='ocr_line' id='line_1_7' title="bbox 305 911 1259 996; baseline -0.004 -18"><span class='ocrx_word' id='word_1_41' title='bbox 305 933 359 978; x_wconf 89' lang='lat' dir='ltr'><strong>nec</strong></span> <span class='ocrx_word' id='word_1_42' title='bbox 381 915 470 978; x_wconf 89' lang='lat' dir='ltr'><strong>adest</strong></span> <span class='ocrx_word' id='word_1_43' title='bbox 494 912 666 978; x_wconf 78' lang='lat' dir='ltr'><strong>(loediutor</strong></span> <span class='ocrx_word' id='word_1_44' title='bbox 689 911 865 996; x_wconf 89' lang='lat' dir='ltr'><strong>perpetuus,</strong></span> <span class='ocrx_word' id='word_1_45' title='bbox 891 913 1074 995; x_wconf 75' lang='lat' dir='ltr'><strong>Capitulum</strong></span> <span class='ocrx_word' id='word_1_46' title='bbox 1092 913 1160 995; x_wconf 84' lang='lat' dir='ltr'><strong>agit</strong></span> <span class='ocrx_word' id='word_1_47' title='bbox 1173 911 1259 974; x_wconf 84' lang='lat' dir='ltr'><strong>relut&#39;</strong></span> 
     </span>
     <span class='ocr_line' id='line_1_8' title="bbox 238 1007 1260 1093; baseline -0.003 -18"><span class='ocrx_word' id='word_1_48' title='bbox 238 1038 240 1042; x_wconf 94' lang='lat'>·</span> <span class='ocrx_word' id='word_1_49' title='bbox 262 1049 267 1056; x_wconf 92' lang='lat'>·</span> <span class='ocrx_word' id='word_1_50' title='bbox 305 1012 332 1075; x_wconf 85' lang='lat' dir='ltr'><strong>si</strong></span> <span class='ocrx_word' id='word_1_51' title='bbox 357 1011 449 1076; x_wconf 83' lang='lat' dir='ltr'><strong>Sedes</strong></span> <span class='ocrx_word' id='word_1_52' title='bbox 466 1012 601 1086; x_wconf 86' lang='lat' dir='ltr'><strong>vacaret,</strong></span> <span class='ocrx_word' id='word_1_53' title='bbox 618 1011 877 1093; x_wconf 90' lang='lat' dir='ltr'><strong>suspenditurque</strong></span> <span class='ocrx_word' id='word_1_54' title='bbox 892 1011 1066 1074; x_wconf 89' lang='lat' dir='ltr'><strong>iurisdictio</strong></span> <span class='ocrx_word' id='word_1_55' title='bbox 1085 1009 1197 1072; x_wconf 87' lang='lat' dir='ltr'><strong>Vicarii</strong></span> <span class='ocrx_word' id='word_1_56' title='bbox 1208 1007 1260 1072; x_wconf 79' lang='lat' dir='ltr'><strong>Ge·</strong></span> 
     </span>
     <span class='ocr_line' id='line_1_9' title="bbox 304 1105 1259 1182; baseline -0.004 -10"><span class='ocrx_word' id='word_1_57' title='bbox 304 1110 426 1174; x_wconf 86' lang='lat' dir='ltr'><strong>neralis.</strong></span> <span class='ocrx_word' id='word_1_58' title='bbox 453 1113 532 1176; x_wconf 76' lang='lat' dir='ltr'><strong>Cum</strong></span> <span class='ocrx_word' id='word_1_59' title='bbox 555 1110 660 1172; x_wconf 84' lang='lat' dir='ltr'><strong>tamen</strong></span> <span class='ocrx_word' id='word_1_60' title='bbox 681 1111 756 1173; x_wconf 90' lang='lat' dir='ltr'><strong>tuno</strong></span> <span class='ocrx_word' id='word_1_61' title='bbox 771 1109 874 1172; x_wconf 86' lang='lat' dir='ltr'><strong>omnia</strong></span> <span class='ocrx_word' id='word_1_62' title='bbox 890 1109 954 1172; x_wconf 91' lang='lat' dir='ltr'><strong>sint</strong></span> <span class='ocrx_word' id='word_1_63' title='bbox 969 1109 1098 1172; x_wconf 83' lang='lat' dir='ltr'><strong>maximi</strong></span> <span class='ocrx_word' id='word_1_64' title='bbox 1114 1105 1259 1182; x_wconf 87' lang='lat' dir='ltr'><strong>momenti,</strong></span> 
     </span>
     <span class='ocr_line' id='line_1_10' title="bbox 305 1205 1259 1289; baseline -0.004 -19"><span class='ocrx_word' id='word_1_65' title='bbox 305 1209 489 1272; x_wconf 90' lang='lat' dir='ltr'><strong>consulenda</strong></span> <span class='ocrx_word' id='word_1_66' title='bbox 514 1208 637 1272; x_wconf 91' lang='lat' dir='ltr'><strong>omnino</strong></span> <span class='ocrx_word' id='word_1_67' title='bbox 662 1210 709 1271; x_wconf 87' lang='lat' dir='ltr'><strong>est</strong></span> <span class='ocrx_word' id='word_1_68' title='bbox 726 1208 956 1289; x_wconf 87' lang='lat' dir='ltr'><strong>quamprimum</strong></span> <span class='ocrx_word' id='word_1_69' title='bbox 972 1207 1152 1288; x_wconf 81' lang='lat' dir='ltr'><strong>Apostolieo</strong></span> <span class='ocrx_word' id='word_1_70' title='bbox 1168 1205 1259 1270; x_wconf 82' lang='lat' dir='ltr'><strong>Sedes.</strong></span> 
     </span>
     <span class='ocr_line' id='line_1_11' title="bbox 307 1302 1260 1385; baseline -0.007 -16"><span class='ocrx_word' id='word_1_71' title='bbox 307 1305 469 1370; x_wconf 87' lang='lat' dir='ltr'><strong>Caeterum</strong></span> <span class='ocrx_word' id='word_1_72' title='bbox 494 1305 568 1368; x_wconf 74' lang='lat' dir='ltr'><strong>haee</strong></span> <span class='ocrx_word' id='word_1_73' title='bbox 591 1305 696 1368; x_wconf 80' lang='lat' dir='ltr'><strong>totalis</strong></span> <span class='ocrx_word' id='word_1_74' title='bbox 711 1309 741 1368; x_wconf 88' lang='lat' dir='ltr'><strong>et</strong></span> <span class='ocrx_word' id='word_1_75' title='bbox 756 1304 856 1384; x_wconf 85' lang='lat' dir='ltr'><strong>piene</strong></span> <span class='ocrx_word' id='word_1_76' title='bbox 869 1303 1108 1385; x_wconf 80' lang='lat' dir='ltr'><strong>impossibilitas</strong></span> <span class='ocrx_word' id='word_1_77' title='bbox 1124 1302 1260 1382; x_wconf 75' lang='lat' dir='ltr'><strong>Episcopi</strong></span> 
     </span>
     <span class='ocr_line' id='line_1_12' title="bbox 306 1402 1260 1485; baseline -0.004 -19"><span class='ocrx_word' id='word_1_78' title='bbox 306 1403 569 1485; x_wconf 72' lang='lat' dir='ltr'><strong>(carcereque.)</strong></span> <span class='ocrx_word' id='word_1_79' title='bbox 594 1423 653 1467; x_wconf 94' lang='lat' dir='ltr'><strong>non</strong></span> <span class='ocrx_word' id='word_1_80' title='bbox 678 1405 744 1467; x_wconf 90' lang='lat' dir='ltr'><strong>tam</strong></span> <span class='ocrx_word' id='word_1_81' title='bbox 768 1404 910 1484; x_wconf 86' lang='lat' dir='ltr'><strong>frequens</strong></span> <span class='ocrx_word' id='word_1_82' title='bbox 935 1404 1048 1478; x_wconf 88' lang='lat' dir='ltr'><strong>evenit,</strong></span> <span class='ocrx_word' id='word_1_83' title='bbox 1066 1405 1098 1466; x_wconf 90' lang='lat' dir='ltr'><strong>et</strong></span> <span class='ocrx_word' id='word_1_84' title='bbox 1113 1402 1260 1466; x_wconf 87' lang='lat' dir='ltr'><strong>multare</strong></span> 
     </span>
     <span class='ocr_line' id='line_1_13' title="bbox 307 1498 1259 1582; baseline -0.004 -18"><span class='ocrx_word' id='word_1_85' title='bbox 307 1503 434 1564; x_wconf 89' lang='lat' dir='ltr'><strong>manent</strong></span> <span class='ocrx_word' id='word_1_86' title='bbox 457 1501 559 1565; x_wconf 91' lang='lat' dir='ltr'><strong>media</strong></span> <span class='ocrx_word' id='word_1_87' title='bbox 583 1501 881 1576; x_wconf 82' lang='lat' dir='ltr'><strong>communicationis,</strong></span> <span class='ocrx_word' id='word_1_88' title='bbox 905 1503 969 1564; x_wconf 88' lang='lat' dir='ltr'><strong>sive</strong></span> <span class='ocrx_word' id='word_1_89' title='bbox 992 1519 1046 1582; x_wconf 83' lang='lat' dir='ltr'><strong>per</strong></span> <span class='ocrx_word' id='word_1_90' title='bbox 1076 1498 1259 1582; x_wconf 85' lang='lat' dir='ltr'><strong>interpositus</strong></span> 
     </span>
     <span class='ocr_line' id='line_1_14' title="bbox 307 1597 1260 1680; baseline -0.004 -19"><span class='ocrx_word' id='word_1_91' title='bbox 307 1616 461 1680; x_wconf 89' lang='lat' dir='ltr'><strong>personas,</strong></span> <span class='ocrx_word' id='word_1_92' title='bbox 478 1599 543 1662; x_wconf 88' lang='lat' dir='ltr'><strong>sive</strong></span> <span class='ocrx_word' id='word_1_93' title='bbox 559 1617 612 1680; x_wconf 91' lang='lat' dir='ltr'><strong>per</strong></span> <span class='ocrx_word' id='word_1_94' title='bbox 628 1597 803 1680; x_wconf 90' lang='lat' dir='ltr'><strong>epistolam,</strong></span> <span class='ocrx_word' id='word_1_95' title='bbox 822 1617 875 1679; x_wconf 90' lang='lat' dir='ltr'><strong>per</strong></span> <span class='ocrx_word' id='word_1_96' title='bbox 890 1597 1118 1680; x_wconf 82' lang='lat' dir='ltr'><strong>telegraphum,</strong></span> <span class='ocrx_word' id='word_1_97' title='bbox 1136 1599 1202 1670; x_wconf 85' lang='lat' dir='ltr'><strong>etc,</strong></span> <span class='ocrx_word' id='word_1_98' title='bbox 1216 1613 1260 1658; x_wconf 89' lang='lat' dir='ltr'><strong>an·</strong></span> 
     </span>
     <span class='ocr_line' id='line_1_15' title="bbox 307 1691 1255 1778; baseline -0.003 -21"><span class='ocrx_word' id='word_1_99' title='bbox 307 1697 434 1776; x_wconf 88' lang='lat' dir='ltr'><strong>tequam</strong></span> <span class='ocrx_word' id='word_1_100' title='bbox 458 1695 639 1778; x_wconf 81' lang='lat' dir='ltr'><strong>Capitulum</strong></span> <span class='ocrx_word' id='word_1_101' title='bbox 662 1695 747 1759; x_wconf 86' lang='lat' dir='ltr'><strong>licite</strong></span> <span class='ocrx_word' id='word_1_102' title='bbox 763 1714 854 1778; x_wconf 85' lang='lat' dir='ltr'><strong>agere</strong></span> <span class='ocrx_word' id='word_1_103' title='bbox 870 1695 975 1777; x_wconf 88' lang='lat' dir='ltr'><strong>possit.</strong></span> <span class='ocrx_word' id='word_1_104' title='bbox 994 1695 1056 1762; x_wconf 80' lang='lat' dir='ltr'><strong>Cfr.</strong></span> <span class='ocrx_word' id='word_1_105' title='bbox 1073 1697 1119 1758; x_wconf 92' lang='lat' dir='ltr'><strong>De</strong></span> <span class='ocrx_word' id='word_1_106' title='bbox 1134 1691 1255 1776; x_wconf 72' lang='lat' dir='ltr'><strong>Angelis,</strong></span> 
     </span>
     <span class='ocr_line' id='line_1_16' title="bbox 307 1793 820 1870; baseline 0.002 -15"><span class='ocrx_word' id='word_1_107' title='bbox 307 1793 328 1856; x_wconf 88' lang='lat' dir='ltr'><strong>l.</strong></span> <span class='ocrx_word' id='word_1_108' title='bbox 355 1796 384 1870; x_wconf 89' lang='lat'><strong>1,</strong></span> <span class='ocrx_word' id='word_1_109' title='bbox 409 1796 460 1859; x_wconf 89' lang='lat' dir='ltr'><strong>tit.</strong></span> <span class='ocrx_word' id='word_1_110' title='bbox 487 1797 527 1858; x_wconf 86' lang='lat'><strong>10</strong></span> <span class='ocrx_word' id='word_1_111' title='bbox 551 1797 583 1858; x_wconf 89' lang='lat' dir='ltr'><strong>et</strong></span> <span class='ocrx_word' id='word_1_112' title='bbox 606 1795 659 1870; x_wconf 81' lang='lat'><strong>28,</strong></span> <span class='ocrx_word' id='word_1_113' title='bbox 683 1814 713 1857; x_wconf 93' lang='lat' dir='ltr'><strong>n.</strong></span> <span class='ocrx_word' id='word_1_114' title='bbox 738 1795 781 1856; x_wconf 82' lang='lat'><strong>24</strong></span> <span class='ocrx_word' id='word_1_115' title='bbox 801 1793 820 1856; x_wconf 79' lang='lat'><strong>¹.</strong></span> 
     </span>
    </p>
   </div>
   <div class='ocr_carea' id='block_1_3' title="bbox 474 2033 1106 2118">
    <p class='ocr_par' dir='ltr' id='par_1_4' title="bbox 474 2033 1106 2118">
     <span class='ocr_line' id='line_1_17' title="bbox 474 2033 1106 2118; baseline 0.002 -21"><span class='ocrx_word' id='word_1_116' title='bbox 474 2033 552 2097; x_wconf 85' lang='lat' dir='ltr'><strong>Ann.</strong></span> <span class='ocrx_word' id='word_1_117' title='bbox 577 2034 634 2098; x_wconf 86' lang='grc' dir='ltr'><strong>ΙΙΙ.</strong></span> <span class='ocrx_word' id='word_1_118' title='bbox 659 2033 710 2099; x_wconf 83' lang='lat' dir='ltr'><strong>Ee</strong></span> <span class='ocrx_word' id='word_1_119' title='bbox 733 2033 875 2100; x_wconf 86' lang='lat' dir='ltr'><strong>Vioarlo</strong></span> <span class='ocrx_word' id='word_1_120' title='bbox 898 2033 1106 2118; x_wconf 79' lang='lat' dir='ltr'><strong>Capitularl.</strong></span> 
     </span>
    </p>
   </div>
   <div class='ocr_carea' id='block_1_4' title="bbox 227 2211 1262 3274">
    <p class='ocr_par' dir='ltr' id='par_1_5' title="bbox 227 2211 1262 3274">
     <span class='ocr_line' id='line_1_18' title="bbox 354 2211 1262 2276; baseline 0 -3"><span class='ocrx_word' id='word_1_121' title='bbox 354 2211 428 2274; x_wconf 85' lang='lat'><strong>732.</strong></span> <span class='ocrx_word' id='word_1_122' title='bbox 453 2248 496 2256; x_wconf 88' lang='lat'>—</span> <span class='ocrx_word' id='word_1_123' title='bbox 522 2213 783 2276; x_wconf 82' lang='lat' dir='ltr'><strong>Praenotandum.</strong></span> <span class='ocrx_word' id='word_1_124' title='bbox 811 2249 851 2260; x_wconf 89' lang='lat'>-</span> <span class='ocrx_word' id='word_1_125' title='bbox 875 2211 1048 2276; x_wconf 86' lang='lat' dir='ltr'><strong>Tridentini</strong></span> <span class='ocrx_word' id='word_1_126' title='bbox 1062 2212 1173 2276; x_wconf 83' lang='lat' dir='ltr'><strong>Patres</strong></span> <span class='ocrx_word' id='word_1_127' title='bbox 1188 2229 1262 2275; x_wconf 91' lang='lat' dir='ltr'><strong>man·</strong></span> 
     </span>
     <span class='ocr_line' id='line_1_19' title="bbox 308 2307 1261 2390; baseline 0 -20"><span class='ocrx_word' id='word_1_128' title='bbox 308 2307 439 2371; x_wconf 88' lang='lat' dir='ltr'><strong>darunt:</strong></span> <span class='ocrx_word' id='word_1_129' title='bbox 468 2332 486 2366; x_wconf 90' lang='lat'><strong>‹</strong></span> <span class='ocrx_word' id='word_1_130' title='bbox 501 2308 546 2372; x_wconf 90' lang='lat' dir='ltr'><strong>Ut</strong></span> <span class='ocrx_word' id='word_1_131' title='bbox 570 2307 761 2390; x_wconf 81' lang='lat' dir='ltr'><strong>Capitulum,</strong></span> <span class='ocrx_word' id='word_1_132' title='bbox 779 2309 856 2374; x_wconf 83' lang='lat' dir='ltr'><strong>Sede</strong></span> <span class='ocrx_word' id='word_1_133' title='bbox 874 2311 1013 2386; x_wconf 85' lang='lat' dir='ltr'><strong>vacante,</strong></span> <span class='ocrx_word' id='word_1_134' title='bbox 1030 2309 1200 2374; x_wconf 87' lang='lat' dir='ltr'><strong>Officialem</strong></span> <span class='ocrx_word' id='word_1_135' title='bbox 1216 2325 1261 2372; x_wconf 90' lang='lat' dir='ltr'><strong>seu</strong></span> 
     </span>
     <span class='ocr_line' id='line_1_20' title="bbox 307 2403 1259 2490; baseline 0 -22"><span class='ocrx_word' id='word_1_136' title='bbox 307 2403 467 2470; x_wconf 86' lang='lat' dir='ltr'><strong>Vicarium</strong></span> <span class='ocrx_word' id='word_1_137' title='bbox 490 2407 570 2469; x_wconf 85' lang='lat' dir='ltr'><strong>infra</strong></span> <span class='ocrx_word' id='word_1_138' title='bbox 594 2409 664 2470; x_wconf 91' lang='lat' dir='ltr'><strong>octo</strong></span> <span class='ocrx_word' id='word_1_139' title='bbox 688 2407 753 2471; x_wconf 88' lang='lat' dir='ltr'><strong>dies</strong></span> <span class='ocrx_word' id='word_1_140' title='bbox 768 2409 840 2490; x_wconf 90' lang='lat' dir='ltr'><strong>post</strong></span> <span class='ocrx_word' id='word_1_141' title='bbox 855 2409 987 2472; x_wconf 88' lang='lat' dir='ltr'><strong>mortem</strong></span> <span class='ocrx_word' id='word_1_142' title='bbox 1004 2407 1146 2490; x_wconf 79' lang='lat' dir='ltr'><strong>Episcopi</strong></span> <span class='ocrx_word' id='word_1_143' title='bbox 1161 2405 1259 2472; x_wconf 89' lang='lat' dir='ltr'><strong>consti·</strong></span> 
     </span>
     <span class='ocr_line' id='line_1_21' title="bbox 309 2502 1258 2585; baseline 0 -20"><span class='ocrx_word' id='word_1_144' title='bbox 309 2503 405 2580; x_wconf 89' lang='lat' dir='ltr'><strong>tuere,</strong></span> <span class='ocrx_word' id='word_1_145' title='bbox 430 2503 479 2567; x_wconf 91' lang='lat' dir='ltr'><strong>vel</strong></span> <span class='ocrx_word' id='word_1_146' title='bbox 502 2504 683 2568; x_wconf 83' lang='lat' dir='ltr'><strong>existentem</strong></span> <span class='ocrx_word' id='word_1_147' title='bbox 707 2505 887 2569; x_wconf 87' lang='lat' dir='ltr'><strong>confirmare</strong></span> <span class='ocrx_word' id='word_1_148' title='bbox 908 2502 1032 2570; x_wconf 88' lang='lat' dir='ltr'><strong>omnino</strong></span> <span class='ocrx_word' id='word_1_149' title='bbox 1049 2507 1199 2580; x_wconf 90' lang='lat' dir='ltr'><strong>teneatur,</strong></span> <span class='ocrx_word' id='word_1_150' title='bbox 1215 2503 1258 2585; x_wconf 91' lang='lat' dir='ltr'><strong>qni</strong></span> 
     </span>
     <span class='ocr_line' id='line_1_22' title="bbox 308 2599 1256 2679; baseline 0 -17"><span class='ocrx_word' id='word_1_151' title='bbox 308 2599 420 2663; x_wconf 88' lang='lat' dir='ltr'><strong>saltem</strong></span> <span class='ocrx_word' id='word_1_152' title='bbox 445 2602 476 2664; x_wconf 96' lang='lat' dir='ltr'><strong>in</strong></span> <span class='ocrx_word' id='word_1_153' title='bbox 499 2601 565 2664; x_wconf 89' lang='lat' dir='ltr'><strong>iure</strong></span> <span class='ocrx_word' id='word_1_154' title='bbox 589 2600 742 2666; x_wconf 81' lang='lat' dir='ltr'><strong>Canonico</strong></span> <span class='ocrx_word' id='word_1_155' title='bbox 766 2602 808 2666; x_wconf 90' lang='lat' dir='ltr'><strong>sit</strong></span> <span class='ocrx_word' id='word_1_156' title='bbox 830 2603 957 2679; x_wconf 78' lang='lat' dir='ltr'><strong>Ductor,</strong></span> <span class='ocrx_word' id='word_1_157' title='bbox 992 2604 1039 2667; x_wconf 91' lang='lat' dir='ltr'><strong>vel</strong></span> <span class='ocrx_word' id='word_1_158' title='bbox 1069 2603 1256 2674; x_wconf 88' lang='lat' dir='ltr'><strong>Licentiatus,</strong></span> 
     </span>
     <span class='ocr_line' id='line_1_23' title="bbox 310 2699 1254 2783; baseline -0.002 -21"><span class='ocrx_word' id='word_1_159' title='bbox 310 2699 359 2762; x_wconf 87' lang='lat' dir='ltr'><strong>vel</strong></span> <span class='ocrx_word' id='word_1_160' title='bbox 372 2699 452 2764; x_wconf 89' lang='lat' dir='ltr'><strong>alius</strong></span> <span class='ocrx_word' id='word_1_161' title='bbox 466 2701 616 2780; x_wconf 89' lang='lat' dir='ltr'><strong>quantum</strong></span> <span class='ocrx_word' id='word_1_162' title='bbox 630 2701 694 2765; x_wconf 90' lang='lat' dir='ltr'><strong>lieri</strong></span> <span class='ocrx_word' id='word_1_163' title='bbox 710 2702 826 2783; x_wconf 92' lang='lat' dir='ltr'><strong>poterit</strong></span> <span class='ocrx_word' id='word_1_164' title='bbox 839 2702 985 2766; x_wconf 87' lang='lat' dir='ltr'><strong>idoneus:</strong></span> <span class='ocrx_word' id='word_1_165' title='bbox 1010 2703 1036 2766; x_wconf 90' lang='lat' dir='ltr'><strong>si</strong></span> <span class='ocrx_word' id='word_1_166' title='bbox 1052 2721 1139 2766; x_wconf 91' lang='lat' dir='ltr'><strong>secus</strong></span> <span class='ocrx_word' id='word_1_167' title='bbox 1155 2702 1254 2764; x_wconf 86' lang='lat' dir='ltr'><strong>lactum</strong></span> 
     </span>
     <span class='ocr_line' id='line_1_24' title="bbox 309 2795 1254 2882; baseline -0.002 -23"><span class='ocrx_word' id='word_1_168' title='bbox 309 2795 411 2874; x_wconf 85' lang='lat' dir='ltr'><strong>fuerit,</strong></span> <span class='ocrx_word' id='word_1_169' title='bbox 436 2799 476 2861; x_wconf 92' lang='lat' dir='ltr'><strong>ad</strong></span> <span class='ocrx_word' id='word_1_170' title='bbox 499 2797 776 2880; x_wconf 90' lang='lat' dir='ltr'><strong>Metropolitanum</strong></span> <span class='ocrx_word' id='word_1_171' title='bbox 801 2799 960 2882; x_wconf 87' lang='lat' dir='ltr'><strong>deputatio</strong></span> <span class='ocrx_word' id='word_1_172' title='bbox 976 2800 1152 2864; x_wconf 91' lang='lat' dir='ltr'><strong>huiusmodi</strong></span> <span class='ocrx_word' id='word_1_173' title='bbox 1169 2795 1254 2862; x_wconf 88' lang='lat' dir='ltr'><strong>devol-</strong></span> 
     </span>
     <span class='ocr_line' id='line_1_25' title="bbox 309 2891 1253 2980; baseline -0.005 -22"><span class='ocrx_word' id='word_1_174' title='bbox 309 2896 412 2958; x_wconf 82' lang='lat' dir='ltr'><strong>vatur.</strong></span> <span class='ocrx_word' id='word_1_175' title='bbox 437 2896 478 2959; x_wconf 88' lang='lat' dir='ltr'><strong>Et</strong></span> <span class='ocrx_word' id='word_1_176' title='bbox 500 2897 527 2960; x_wconf 87' lang='lat' dir='ltr'><strong>si</strong></span> <span class='ocrx_word' id='word_1_177' title='bbox 554 2895 689 2960; x_wconf 81' lang='lat' dir='ltr'><strong>Ecclesia</strong></span> <span class='ocrx_word' id='word_1_178' title='bbox 717 2897 784 2978; x_wconf 90' lang='lat' dir='ltr'><strong>ipsa</strong></span> <span class='ocrx_word' id='word_1_179' title='bbox 814 2895 1054 2980; x_wconf 89' lang='lat' dir='ltr'><strong>Metropolitana</strong></span> <span class='ocrx_word' id='word_1_180' title='bbox 1085 2897 1184 2972; x_wconf 87' lang='lat' dir='ltr'><strong>fuerit,</strong></span> <span class='ocrx_word' id='word_1_181' title='bbox 1208 2891 1253 2956; x_wconf 88' lang='lat' dir='ltr'><strong>aot</strong></span> 
     </span>
     <span class='ocr_line' id='line_1_26' title="bbox 308 2989 1250 3079; baseline -0.005 -23"><span class='ocrx_word' id='word_1_182' title='bbox 308 2991 465 3075; x_wconf 82' lang='lat' dir='ltr'><strong>exempta,</strong></span> <span class='ocrx_word' id='word_1_183' title='bbox 485 2992 726 3075; x_wconf 83' lang='lat' dir='ltr'><strong>Capitulumqne</strong></span> <span class='ocrx_word' id='word_1_184' title='bbox 749 2996 786 3058; x_wconf 91' lang='lat' dir='ltr'><strong>ut</strong></span> <span class='ocrx_word' id='word_1_185' title='bbox 810 2994 963 3076; x_wconf 82' lang='lat' dir='ltr'><strong>profertur</strong></span> <span class='ocrx_word' id='word_1_186' title='bbox 986 2996 1143 3079; x_wconf 82' lang='lat' dir='ltr'><strong>negligens</strong></span> <span class='ocrx_word' id='word_1_187' title='bbox 1166 2989 1250 3062; x_wconf 86' lang='lat' dir='ltr'><strong>fuerit,</strong></span> 
     </span>
     <span class='ocr_line' id='line_1_27' title="bbox 227 3090 1251 3176; baseline -0.002 -24"><span class='ocrx_word' id='word_1_188' title='bbox 227 3169 229 3174; x_wconf 23' lang='grc' dir='ltr'>Ι</span> <span class='ocrx_word' id='word_1_189' title='bbox 309 3090 383 3153; x_wconf 89' lang='lat' dir='ltr'><strong>tunc</strong></span> <span class='ocrx_word' id='word_1_190' title='bbox 406 3091 563 3172; x_wconf 86' lang='lat' dir='ltr'><strong>antiquior</strong></span> <span class='ocrx_word' id='word_1_191' title='bbox 586 3091 754 3174; x_wconf 89' lang='lat' dir='ltr'><strong>Episcopus</strong></span> <span class='ocrx_word' id='word_1_192' title='bbox 777 3111 812 3155; x_wconf 82' lang='lat' dir='ltr'><strong>ex</strong></span> <span class='ocrx_word' id='word_1_193' title='bbox 836 3091 1044 3176; x_wconf 85' lang='lat' dir='ltr'><strong>Suffraganeis</strong></span> <span class='ocrx_word' id='word_1_194' title='bbox 1067 3094 1099 3156; x_wconf 94' lang='lat' dir='ltr'><strong>in</strong></span> <span class='ocrx_word' id='word_1_195' title='bbox 1119 3091 1251 3170; x_wconf 92' lang='lat' dir='ltr'><strong>Metropo-</strong></span> 
     </span>
     <span class='ocr_line' id='line_1_28' title="bbox 309 3187 1249 3274; baseline -0.005 -23"><span class='ocrx_word' id='word_1_196' title='bbox 309 3187 419 3264; x_wconf 90' lang='lat' dir='ltr'><strong>litana,</strong></span> <span class='ocrx_word' id='word_1_197' title='bbox 433 3191 465 3252; x_wconf 89' lang='lat' dir='ltr'><strong>et</strong></span> <span class='ocrx_word' id='word_1_198' title='bbox 476 3190 674 3272; x_wconf 89' lang='lat' dir='ltr'><strong>propinquior</strong></span> <span class='ocrx_word' id='word_1_199' title='bbox 685 3191 855 3274; x_wconf 89' lang='lat' dir='ltr'><strong>Episcopus</strong></span> <span class='ocrx_word' id='word_1_200' title='bbox 867 3191 898 3255; x_wconf 93' lang='lat' dir='ltr'><strong>in</strong></span> <span class='ocrx_word' id='word_1_201' title='bbox 910 3193 1052 3272; x_wconf 83' lang='lat' dir='ltr'><strong>exempta</strong></span> <span class='ocrx_word' id='word_1_202' title='bbox 1065 3190 1249 3256; x_wconf 87' lang='lat' dir='ltr'><strong>Oeconomun</strong></span> 
     </span>
    </p>
   </div>
   <div class='ocr_carea' id='block_1_5' title="bbox 311 3406 1248 3752">
    <p class='ocr_par' dir='ltr' id='par_1_6' title="bbox 311 3406 1248 3752">
     <span class='ocr_line' id='line_1_29' title="bbox 356 3406 1248 3482; baseline -0.012 -17"><span class='ocrx_word' id='word_1_203' title='bbox 356 3411 366 3444; x_wconf 77' lang='lat'>¹</span> <span class='ocrx_word' id='word_1_204' title='bbox 385 3412 516 3466; x_wconf 85' lang='lat' dir='ltr'><strong>Invalida</strong></span> <span class='ocrx_word' id='word_1_205' title='bbox 535 3415 579 3468; x_wconf 89' lang='lat' dir='ltr'><strong>est</strong></span> <span class='ocrx_word' id='word_1_206' title='bbox 597 3413 698 3468; x_wconf 86' lang='lat' dir='ltr'><strong>electio</strong></span> <span class='ocrx_word' id='word_1_207' title='bbox 717 3412 825 3467; x_wconf 85' lang='lat' dir='ltr'><strong>Vicarii</strong></span> <span class='ocrx_word' id='word_1_208' title='bbox 840 3413 1011 3482; x_wconf 72' lang='lat' dir='ltr'><strong>capitularis</strong></span> <span class='ocrx_word' id='word_1_209' title='bbox 1025 3414 1143 3482; x_wconf 85' lang='lat' dir='ltr'><strong>quando,</strong></span> <span class='ocrx_word' id='word_1_210' title='bbox 1157 3406 1248 3464; x_wconf 81' lang='lat' dir='ltr'><strong>virente</strong></span> 
     </span>
     <span class='ocr_line' id='line_1_30' title="bbox 311 3499 1247 3574; baseline -0.013 -16"><span class='ocrx_word' id='word_1_211' title='bbox 311 3505 459 3574; x_wconf 89' lang='lat' dir='ltr'><strong>Episcopo,</strong></span> <span class='ocrx_word' id='word_1_212' title='bbox 474 3503 500 3558; x_wconf 87' lang='lat' dir='ltr'><strong>S.</strong></span> <span class='ocrx_word' id='word_1_213' title='bbox 517 3504 602 3558; x_wconf 84' lang='lat' dir='ltr'><strong>Sedes</strong></span> <span class='ocrx_word' id='word_1_214' title='bbox 613 3505 793 3572; x_wconf 84' lang='lat' dir='ltr'><strong>deputaverit</strong></span> <span class='ocrx_word' id='word_1_215' title='bbox 802 3505 1070 3560; x_wconf 86' lang='lat' dir='ltr'><strong>Administratorem</strong></span> <span class='ocrx_word' id='word_1_216' title='bbox 1082 3499 1247 3573; x_wconf 88' lang='lat' dir='ltr'><strong>Apostolicun</strong></span> 
     </span>
     <span class='ocr_line' id='line_1_31' title="bbox 311 3583 1247 3660; baseline -0.013 -10"><span class='ocrx_word' id='word_1_217' title='bbox 311 3595 357 3650; x_wconf 83' lang='lat' dir='ltr'><strong>vel</strong></span> <span class='ocrx_word' id='word_1_218' title='bbox 376 3594 519 3648; x_wconf 85' lang='lat' dir='ltr'><strong>Viearium</strong></span> <span class='ocrx_word' id='word_1_219' title='bbox 540 3594 715 3660; x_wconf 80' lang='lat' dir='ltr'><strong>Generalem,</strong></span> <span class='ocrx_word' id='word_1_220' title='bbox 731 3613 797 3649; x_wconf 88' lang='lat' dir='ltr'><strong>nam</strong></span> <span class='ocrx_word' id='word_1_221' title='bbox 811 3595 929 3649; x_wconf 87' lang='lat' dir='ltr'><strong>istorum</strong></span> <span class='ocrx_word' id='word_1_222' title='bbox 942 3595 1099 3649; x_wconf 83' lang='lat' dir='ltr'><strong>iurisdictio</strong></span> <span class='ocrx_word' id='word_1_223' title='bbox 1112 3610 1163 3647; x_wconf 89' lang='lat' dir='ltr'><strong>nou</strong></span> <span class='ocrx_word' id='word_1_224' title='bbox 1176 3583 1247 3641; x_wconf 83' lang='lat' dir='ltr'><strong>cessat</strong></span> 
     </span>
     <span class='ocr_line' id='line_1_32' title="bbox 311 3670 1245 3752; baseline -0.009 -14"><span class='ocrx_word' id='word_1_225' title='bbox 311 3700 362 3752; x_wconf 85' lang='lat' dir='ltr'><strong>per</strong></span> <span class='ocrx_word' id='word_1_226' title='bbox 371 3689 490 3738; x_wconf 87' lang='lat' dir='ltr'><strong>mortem</strong></span> <span class='ocrx_word' id='word_1_227' title='bbox 498 3683 675 3752; x_wconf 84' lang='lat' dir='ltr'><strong>Episcopi,ut</strong></span> <span class='ocrx_word' id='word_1_228' title='bbox 685 3689 797 3739; x_wconf 84' lang='lat' dir='ltr'><strong>constat</strong></span> <span class='ocrx_word' id='word_1_229' title='bbox 808 3703 841 3738; x_wconf 82' lang='lat' dir='ltr'><strong>ex</strong></span> <span class='ocrx_word' id='word_1_230' title='bbox 851 3685 937 3738; x_wconf 84' lang='lat' dir='ltr'><strong>variis</strong></span> <span class='ocrx_word' id='word_1_231' title='bbox 948 3683 1032 3738; x_wconf 80' lang='lat' dir='ltr'><strong>decis.</strong></span> <span class='ocrx_word' id='word_1_232' title='bbox 1045 3683 1071 3738; x_wconf 89' lang='lat' dir='ltr'><strong>S.</strong></span> <span class='ocrx_word' id='word_1_233' title='bbox 1081 3682 1109 3738; x_wconf 80' lang='lat' dir='ltr'><strong>C.</strong></span> <span class='ocrx_word' id='word_1_234' title='bbox 1118 3670 1245 3735; x_wconf 75' lang='lat' dir='ltr'><strong>EEetRfl·</strong></span> 
     </span>
    </p>
   </div>
   <div class='ocr_carea' id='block_1_6' title="bbox 0 0 1387 4260">
    <p class='ocr_par' dir='ltr' id='par_1_7' title="bbox 0 0 1387 4260">
     <span class='ocr_line' id='line_1_33' title="bbox 0 0 1387 4260; baseline 0 0"><span class='ocrx_word' id='word_1_235' title='bbox 0 0 1387 4260; x_wconf 95' lang='lat' dir='ltr'><strong> </strong></span> 
     </span>
    </p>
   </div>
  </div>
 </body>
</html>
