2856 4276
582 260 808 307 Paonnaonlsn's
1138 257 1173 310 39

205 456 297 520 ciria:
322 457 414 520 tabet
440 457 519 520 borea
538 459 763 531 aristocratiae,
788 457 819 520 in
848 459 1000 538 quantum
1029 456 1173 538 Episcopi

204 555 352 638 regimini
378 555 531 619 Ecclesiae
559 555 745 637 participant
758 554 841 635 (cnm
866 554 1053 618 subiectione
1077 553 1169 617 totali

205 653 349 716 Romano
373 652 495 736 Pont.):
519 655 551 716 et
567 651 721 716 coormocla
738 652 952 724 deoroeraa'ae,
970 651 1170 731 inquantum

205 749 313 812 fideles
329 749 444 813 habent
461 750 582 814 easdem
599 749 723 832 regulas
739 749 810 812 fidei
834 751 865 813 et
887 767 1022 823 morum,
1047 751 1105 812 etc.
1129 785 1173 793 —

206 847 296 910 Enoc
313 847 447 910 Ecclesia
464 848 510 910 est
526 847 746 930 perfectissima
770 848 910 922 societas,
927 847 1086 912 continens
1103 845 1173 908 coii-

146 1025 151 1032 “
205 947 320 1006 acater
349 943 548 1025 perfectiones
571 945 708 1008 omnium
732 945 926 1008 societatum.

421 1193 497 1258 Aac.
523 1195 580 1260 Ill.
605 1195 655 1259 Ile
679 1193 823 1275 Regulls
847 1193 955 1259 luris.

252 1383 306 1445 39.
331 1419 375 1427 -
399 1381 512 1464 Regula
538 1381 616 1448 luris
641 1383 688 1445 est
719 1381 872 1445 sepientis
897 1400 975 1461 quae
1007 1382 1054 1444 ius
1087 1400 1173 1463 prae·

205 1480 340 1544 existens
357 1480 523 1544 summarie
539 1480 642 1555 refert,
671 1497 725 1542 sen
742 1479 894 1542 sententia
911 1499 989 1558 ariae
1005 1499 1079 1554 reru,
1094 1499 1172 1558 quae

204 1583 262 1652 cst,
281 1575 413 1640 bieoiter
429 1581 560 1640 caarrat
575 1577 623 1658 (ex
640 1577 786 1660 Digest.).
804 1615 847 1620 —
863 1577 888 1638 l.
910 1575 966 1641 nst
981 1575 1169 1652 aatlroatioa,

206 1675 232 1737 si
257 1673 446 1757 legislatoris
470 1675 655 1738 arroteritate
679 1675 806 1748 nititur,
831 1672 1092 1748 riorzaatdeatioa,
1118 1693 1171 1737 sen

204 1771 400 1848 doctrinalis,
415 1773 440 1835 si
457 1771 674 1836 aDoctoribus
683 1771 823 1853 privatis,
837 1771 983 1834 adinstar
996 1771 1170 1852 axiomatis,

204 1870 331 1933 inuenta
351 1872 408 1934 est.
437 1861 624 1935 Doctrinalis
650 1871 776 1934 vocatur
796 1871 890 1934 etiam
916 1868 1106 1930 droeardiea.
1127 1905 1171 1914 -

203 1967 247 2029 ΙΙ.
260 1967 381 2050 Regula
405 1967 481 2031 iuris
504 1968 593 2030 uniat
617 1968 768 2031 sententia
781 1967 903 2050 colligit
917 1967 964 2030 ius
981 1965 1170 2047 expluribus

202 2063 328 2127 casibus
345 2065 515 2141 similibus,
541 2067 681 2130 admittit
704 2065 860 2130 fallentias
884 2085 937 2130 seu
961 2064 1169 2145 exceptiones,

203 2161 345 2244 exsurgit
369 2181 403 2226 ex
427 2163 510 2238 iure;
528 2165 640 2228 eteius
657 2183 731 2226 usus
748 2163 943 2246 prudentiam
961 2161 1057 2244 exigit
1073 2161 1104 2224 et
1121 2179 1169 2224 or-

203 2259 319 2322 dinem.
344 2259 388 2322 En
412 2260 550 2343 Digestis
578 2287 594 2318 «
611 2280 668 2324 non
693 2281 727 2324 en
744 2261 850 2342 regula
876 2261 924 2323 ius
949 2261 1100 2333 sumetur,
1118 2257 1167 2320 sed

204 2376 241 2420 ex
264 2356 331 2419 iure
351 2356 430 2437 qnod
447 2359 494 2420 est
510 2357 627 2442 regula,
645 2358 710 2422 fiat.
728 2357 786 2421 Per
802 2356 942 2440 regulam
956 2356 1053 2440 igitur
1069 2353 1169 2418 brevis

203 2472 309 2517 rerum
326 2455 463 2518 narratio
480 2454 625 2529 traditur,
643 2457 683 2530 et,
709 2455 745 2518 ut
768 2454 814 2518 ait
838 2453 978 2529 Sabinus,
996 2451 1084 2534 qnasi
1100 2470 1170 2514 oau-

203 2570 257 2615 sae
281 2553 418 2636 cognitio
435 2554 491 2629 est,
510 2573 587 2634 quae
605 2553 698 2616 simul
713 2573 783 2616 cum
808 2553 839 2616 in
863 2553 967 2634 aliquo
985 2553 1094 2615 vitiata
1111 2552 1167 2624 est,

203 2649 306 2730 perdit
330 2649 475 2714 officium.
500 2675 517 2708 »
538 2687 581 2695 —-
597 2649 653 2714 lll.
678 2649 819 2730 Repalae
834 2647 1028 2712 aatloeatc'cae
1053 2649 1094 2710 99
1112 2667 1169 2712 nu-

203 2748 374 2822 merantur,
399 2747 516 2810 scilicet
541 2748 578 2809 11
605 2747 636 2810 in
653 2747 712 2810 fine
735 2745 945 2810 Decretalium
965 2745 1106 2828 Gregorii
1123 2743 1168 2808 IX

203 2845 235 2906 et
252 2843 293 2906 88
310 2843 342 2906 in
358 2843 417 2908 fine
433 2843 516 2908 Senti
539 2844 758 2916 Decretalium.
784 2843 866 2908 Istae
884 2845 926 2907 99
943 2843 1067 2926 regulae
1084 2844 1167 2923 (cum

201 2940 288 3004 brevi
307 2941 540 3022 commentario)
553 2941 706 3004 habentur
718 2937 796 3004 infra
809 2961 839 3003 n.
860 2941 992 3004 ilo-138.
1007 2977 1028 2986 -
1038 2939 1092 3001 lV.
1106 2941 1166 3003 lte·

201 3035 295 3120 gulae
318 3036 521 3117 Digestorum
546 3038 607 3100 211
629 3039 840 3114 numerantur,
866 3057 943 3120 qnae
960 3038 1084 3120 regulae
1108 3056 1166 3100 non

201 3153 274 3198 raro
298 3133 387 3196 valde
417 3133 509 3198 utiles
534 3135 671 3198 existunt
701 3133 888 3198 Canonistis:
913 3135 965 3198 sed
989 3133 1166 3198 huiusmodi

202 3231 339 3314 regulae,
364 3231 444 3294 sicut
471 3250 576 3295 omnes
605 3231 684 3295 aliae
708 3231 834 3315 regulae
858 3251 939 3294 mere
970 3229 1165 3305 doctrinales,

202 3346 261 3391 non
274 3327 452 3410 praevalent
464 3330 569 3392 contra
582 3329 706 3412 regulas
719 3330 878 3393 canonicas
895 3349 948 3392 seu
961 3328 1165 3392 authenticas.
