2818 4276
404 207 469 252 CAP.
493 205 513 252 1.
539 208 579 253 DE
602 207 730 254 ROMANO
753 206 911 253 PONTlElCE
1095 205 1144 258 135

176 406 254 470 olim
279 425 314 469 ea
330 407 484 487 potestate
500 407 549 470 usi
565 408 648 483 sunt,
664 405 694 470 id
711 425 772 470 non
795 425 829 470 er
854 407 919 470 iure
943 406 1056 482 divino,
1073 426 1143 470 cum

176 522 285 567 omnes
308 505 371 568 sint
393 523 481 586 pares
504 505 535 568 in
552 506 705 585 potestate
729 505 761 568 et
784 504 899 578 ordine,
924 503 976 568 sed
1000 523 1036 567 er
1059 523 1143 568 mero

176 601 373 682 beneplacito
396 601 594 686 Apostolicae
629 601 727 677 Sedis,
751 620 787 664 ac
810 601 937 682 proinde
959 621 1029 665 cum
1054 602 1143 664 Rom.

177 698 344 762 Pontifices
367 699 553 763 creationem
585 697 804 780 Episcoporum
829 699 887 762 sibi
910 699 1145 762 reservaverunt

177 797 343 878 praecipue
367 815 419 878 per
442 796 566 880 regulas
589 794 807 872 (lancellarioe,
831 797 907 861 nulli
932 796 1078 860 iniuriam
1104 797 1145 860 fe·
1264 808 1271 820 ·

176 895 393 968 cerunt-cum
416 913 452 956 ee
476 912 555 976 quae
571 895 644 958 sunt
659 894 735 957 iuris
751 893 847 958 divini
872 913 1029 976 nunquam
1054 895 1145 958 abro-

176 991 249 1074 gari
285 990 437 1072 possint...
469 989 542 1064 (cfr.
578 991 696 1074 Soglia,
727 991 781 1064 io..
813 995 845 1056 et
878 992 1034 1074 Hallier.).
1068 991 1144 1056 Cou-

177 1105 372 1153 cnunsunuu
396 1105 459 1152 cum
483 1087 538 1152 Pro
564 1089 606 1152 Vl
624 1089 743 1172 (Consi.
764 1087 923 1164 Claritas,
948 1109 997 1154 an.
1025 1090 1144 1170 riom:

176 1187 268 1250 Haec
290 1187 438 1268 potestas,
466 1211 483 1243 «
499 1186 574 1250 illue
596 1206 717 1252 reversa
736 1187 817 1251 unde
840 1188 1031 1262 discesserat,
1056 1187 1145 1252 unice

176 1284 295 1349 residet
318 1283 400 1365 apud
422 1283 633 1366 Apostolicanr
657 1283 764 1349 Sedem
789 1311 819 1346 ».

228 1383 303 1444 409.
321 1419 362 1428 -
381 1383 431 1446 lus
447 1383 673 1462 transterendi,
698 1383 873 1465 deponendi
900 1383 1084 1465 [piscopos.
1101 1419 1145 1430 -

177 1481 205 1544 l.
227 1505 245 1537 «
258 1478 335 1544 Cum
351 1480 464 1544 fortius
480 1480 523 1542 sit
538 1481 699 1562 spirituale
716 1481 883 1556 vinculum,
901 1500 994 1562 quem
1011 1481 1144 1557 carnale,

176 1577 319 1641 dubitari
334 1595 393 1640 non
407 1577 497 1641 debet
508 1579 582 1658 quin
595 1578 788 1660 omnipotens
800 1581 884 1642 Deus
897 1579 1058 1660 spirituale
1074 1597 1146 1642 con·

176 1675 312 1758 iugium,
337 1673 419 1756 quod
443 1676 490 1738 est
513 1675 594 1738 inter
620 1675 805 1757 Episcopum
830 1677 861 1738 et
885 1676 1064 1750 Ecclesiam,
1089 1693 1145 1740 suo

176 1773 306 1836 tantum
319 1772 432 1836 iudicio
445 1774 648 1836 reservaverit
660 1773 900 1837 dissolvendum.
914 1773 983 1838 Non
997 1773 1144 1847 hnmana,

177 1869 234 1934 sed
259 1870 362 1951 potius
386 1869 492 1933 divine
516 1872 672 1952 potestate
695 1870 873 1954 coniugium
898 1871 1060 1952 spirituale
1084 1869 1146 1934 dis-

177 1967 325 2041 solvitur,
342 1986 412 2032 oum
429 1987 482 2049 per
498 1968 745 2042 translationem,
762 1962 1069 2050 depositionemaut
1085 1986 1146 2032 ces·

177 2066 299 2130 sionem
323 2066 511 2130 auctoritate
544 2067 678 2130 Romani
710 2065 868 2130 Pontificio
894 2064 998 2148 (quem
1021 2065 1146 2130 constat

176 2181 247 2228 esse
270 2162 420 2226 vicarium
444 2163 514 2226 lesu
539 2162 668 2242 Christi)
693 2163 860 2246 Episcopus
884 2164 923 2227 ab
946 2163 1083 2226 Ecclesia
1099 2181 1146 2226 re-

177 2261 340 2333 moratum
364 2261 396 2323 et
418 2259 485 2324 ideo
509 2262 570 2324 trie
605 2261 689 2334 haec,
721 2279 800 2342 quae
834 2260 1060 2342 praemisimus,
1085 2277 1145 2324 non

177 2361 247 2423 tam
264 2359 487 2423 constitutione
514 2360 668 2434 canonica,
697 2377 790 2440 quam
818 2359 1013 2422 institutione
1029 2357 1145 2435 divina,

178 2456 239 2520 soli
263 2457 338 2520 sunt
371 2456 510 2522 Romano
545 2455 689 2520 Pontifici
723 2456 880 2518 reservata
897 2479 914 2513 »
944 2455 1058 2539 (Innoc.
1086 2454 1144 2518 lII.

184 2551 261 2634 Gap.
286 2558 307 2616 3
330 2554 368 2618 de
393 2553 508 2619 Trans.
533 2553 620 2640 Epa).

225 2653 302 2714 410.
316 2689 359 2698 -
371 2651 412 2714 ΙΙ.
426 2651 594 2716 Abdicatio
609 2651 818 2732 Episcopatus
834 2651 899 2716 fieri
915 2651 1005 2718 debet
1021 2671 1056 2714 en
1072 2651 1147 2736 legi·

177 2751 259 2814 tima
283 2769 376 2814 causa
393 2749 590 2832 Apostolicae
606 2748 675 2813 Sodi
692 2749 832 2830 probata,
846 2753 878 2812 et
901 2749 1062 2832 spirituale
1078 2749 1146 2812 vin·

178 2847 297 2922 culum,
322 2865 382 2928 spuo
397 2847 541 2929 Episcopi
557 2847 710 2910 Ecclesiae
734 2865 807 2910 suae
831 2838 1018 2930 obligantur,
1043 2845 1082 2908 ab
1098 2865 1146 2910 ea·

180 2947 249 3010 dem
273 2945 454 3026 Apostolice
478 2944 554 3010 Sede
577 2943 746 3008 laxandum
769 2945 817 3006 est
836 2941 985 3027 ¹(Soglia).

226 3043 302 3106 411.
326 3080 371 3088 -
394 3043 452 3106 111.
480 3068 498 3102 ‹
513 3042 758 3124 Peremptoriam
790 3041 862 3105 dare
885 3040 1080 3115 sententiam,
1105 3039 1145 3104 ad

179 3141 404 3224 depositionem
437 3141 670 3224 Episcoporum,
703 3139 800 3204 solius
832 3139 965 3204 Romani
989 3136 1145 3202 Pontificis

179 3239 320 3304 noscitur
342 3257 407 3302 esse
423 3264 440 3298 »
469 3237 512 3315 (S.
537 3239 654 3324 Rern).

226 3337 301 3400 412.
325 3373 369 3382 -
384 3336 439 3400 IV.
459 3361 477 3395 ‹
492 3335 669 3400 Primatum
685 3335 851 3420 gloriosius
867 3351 1002 3398 exercere
1018 3351 1076 3396 non
1092 3351 1146 3416 po·

179 3436 244 3500 tuit
272 3436 434 3500 Romanus
463 3435 614 3511 Pontifex,
648 3453 742 3515 quam
766 3431 1145 3514 constantinopolitanum

178 3533 398 3599 Patriarcham
414 3523 603 3598 haereticum
616 3531 854 3607 exauctorando,
867 3533 899 3594 et
914 3531 946 3595 in
961 3531 1027 3594 cius
1042 3531 1145 3595 locum

179 3631 277 3696 alium
301 3631 482 3708 ordinando,
495 3631 586 3712 idque
599 3630 685 3695 nulla
698 3629 817 3713 Syncdo
829 3629 995 3693 convocata
1008 3653 1025 3688 »
1058 3627 1146 3713 (Nat.

179 3727 294 3816 Ales).
