2750 4270
436 253 501 302 cnP.
525 254 545 300 Ι.
571 254 610 300 DE
634 253 784 301 episcopis
1029 253 1083 306 233

104 453 159 515 tra
187 452 367 534 superbiam
391 452 487 516 vitae.
503 452 661 534 Episcopis
676 452 784 536 igitur,
801 451 853 533 qui
877 453 925 516 est
947 453 979 516 in
996 454 1083 517 statu

104 549 314 630 perfectionis
336 549 477 631 adeptae,
501 549 625 614 tenetur
659 567 724 614 esse
748 548 911 632 perlectus,
934 550 1015 613 idest
1037 569 1083 614 ar·

103 646 300 712 dentissima
323 646 476 712 charitate
499 648 557 710 Dei
579 649 611 712 et
630 649 761 730 proximi
785 647 954 729 praeditus,
978 649 1024 712 ita
1046 650 1084 712 ut

103 743 247 809 divitias
270 744 423 808 Ecclesiae
446 764 520 810 suae
543 763 604 810 non
621 765 694 810 suas
710 764 776 810 esse
791 745 958 822 existimet,
974 748 1007 810 et
1022 765 1082 812 non

105 843 232 906 habeat
263 842 303 906 ad
333 842 553 924 possidendum
585 844 747 925 tamquam
779 844 928 926 proprias,
959 843 1012 908 sed
1043 843 1082 908 ad

104 939 357 1023 dispensandum
382 941 419 1002 ut
441 939 568 1004 alienas.
593 941 673 1004 Item
689 941 813 1004 tenetur
838 959 903 1004 esse
930 940 1083 1023 perfectus

104 1037 140 1100 in
166 1036 327 1100 charitate
351 1035 407 1100 Dei
430 1037 463 1100 et
493 1037 625 1119 proximi
654 1037 735 1102 circa
758 1037 947 1114 castitatem,
973 1037 1008 1100 nt
1031 1056 1080 1102 an·

105 1133 215 1218 gelica
241 1134 378 1215 puritate
401 1133 465 1198 Deo
496 1134 663 1211 ministret,
687 1137 719 1198 et
748 1136 830 1198 viros
860 1154 896 1198 ac
925 1135 1080 1211 mulieres,

104 1233 231 1313 quibus
254 1233 385 1313 praeest,
410 1251 480 1296 vere
503 1233 616 1316 diligat
638 1235 676 1296 ut
698 1233 780 1298 lilios
795 1235 828 1297 et
850 1232 941 1309 filias,
965 1235 997 1297 et
1013 1233 1081 1296 nul·
1182 1253 1184 1261 ¹

103 1331 177 1395 lam
202 1337 344 1411 unquam
367 1330 573 1411 suspicionem
597 1331 834 1396 incontinentiae
857 1330 921 1394 illis
943 1331 1081 1406 tribuat;

105 1427 244 1510 proinde
268 1445 328 1492 non
351 1425 464 1490 habere
480 1427 562 1491 domi
578 1447 741 1510 personam
758 1428 867 1503 ullam,
884 1428 933 1492 vel
957 1428 1082 1494 obedo

103 1525 309 1601 loscentiam,
335 1525 384 1590 vel
416 1525 455 1590 ob
488 1528 643 1602 ornatum,
674 1525 714 1590 ad
737 1545 830 1608 quam
862 1527 979 1592 carnali
1008 1527 1080 1592 affe·

105 1625 219 1689 ctione
245 1641 414 1706 propensus
438 1623 598 1688 credatur:
617 1623 690 1690 ioris
706 1626 811 1688 autem
835 1643 905 1689 curn
923 1625 1009 1688 nulla
1025 1644 1082 1688 un·

105 1742 208 1804 qnam
235 1721 364 1785 muliere
387 1721 452 1785 sine
475 1721 608 1786 testibus
631 1723 788 1803 loquatur,
812 1725 907 1804 atque
931 1721 961 1786 id
985 1722 1098 1804 potis·¹

104 1822 232 1886 simum
255 1838 328 1903 erga
351 1818 608 1884 sanctimoniales
624 1820 782 1895 observet3
807 1820 983 1886 incredibile
999 1819 1079 1884 enirn

104 1921 169 1995 est,
195 1935 292 2000 quam
316 1917 560 1999 contemptibilis
594 1917 741 1982 reddatur
765 1919 944 2000 Episcopus,
976 1918 1002 1983 si
1025 1919 1081 1981 aut

107 2017 217 2082 verbis
242 2017 298 2080 aut
321 2015 413 2080 factis
429 2015 529 2078 ullum
547 2016 671 2100 signum
688 2016 930 2080 incontinentiae
954 2015 1082 2080 dederit.

107 2116 256 2196 Denique
279 2113 432 2196 perfectus
447 2132 512 2178 esse
528 2113 618 2178 debet
634 2115 715 2178 circa
731 2113 944 2178 humilitatem
961 2115 993 2176 et
1012 2113 1083 2178 obe·

2 2196 3 2282 J
106 2213 266 2278 dientiam
290 2211 358 2287 Dei,
382 2213 414 2276 et
437 2210 637 2294 Superiorum
669 2211 829 2286 mandata,
854 2231 891 2275 ac
921 2211 1084 2294 praecipue

106 2331 187 2396 erga
212 2309 293 2373 illud
316 2329 335 2373 a
364 2311 476 2374 Ioanne
508 2310 712 2394 Evangelista
740 2309 989 2393 promulgatum:
1021 2307 1083 2372 De·

108 2410 222 2474 demas
237 2428 297 2487 pro
322 2407 478 2486 fratribus
504 2409 629 2471 caimos
648 2428 763 2487 ponere
790 2407 920 2488 (Ioann,
938 2407 995 2482 ΙΙΙ,
1015 2405 1081 2493 16),

107 2527 147 2573 ac
171 2506 275 2571 multo
302 2506 403 2590 magis
431 2505 568 2581 diuitias,
601 2506 748 2586 quietem,
779 2505 915 2581 delicias,
939 2506 971 2568 et
1002 2523 1082 2569 com·

109 2605 207 2670 moda
243 2604 357 2670 omnia.
390 2602 657 2683 Quemadmodum
688 2605 795 2667 autem
827 2605 902 2668 haec
935 2603 1081 2685 perfectio

107 2703 235 2784 acquiri
252 2703 360 2785 possit,
379 2701 501 2784 egregie
517 2700 607 2765 docet
623 2700 755 2766 Sanctus
773 2699 942 2784 Gregorius
958 2703 988 2766 in
1004 2701 1083 2764 libro

107 2802 150 2866 de
180 2798 268 2863 Cara
292 2797 467 2875 Pastorali‚
492 2800 580 2881 parte
604 2797 786 2863 secunda».

161 2898 238 2962 673.
265 2935 307 2944 -
330 2898 410 2961 Rue.
435 2895 493 2960 ΠΕ.
520 2895 671 2976 Episcopi
701 2895 793 2959 rebus
823 2895 984 2959 Ecclesiae
1008 2899 1083 2958 mm-

109 3017 210 3078 qaam
234 2995 466 3070 commendatio,
495 3013 559 3058 moa
592 2997 750 3074 tamquam
768 2993 911 3073 propriis
940 2997 1081 3056 aiamim.

162 3095 238 3157 674.
265 3131 298 3141 -
329 3093 409 3157 Rae.
434 3091 893 3168 lll³.E1>1sooe1Pa1nc1P11am,
919 3110 1083 3170 eorumque

110 3193 273 3258 ministris
297 3193 331 3256 ia
355 3189 499 3254 Ecclesia
523 3190 572 3253 oei
593 3195 683 3254 extra
700 3191 856 3254 indecenti
879 3189 1015 3270 quadam
1030 3188 1082 3252 de·

111 3292 264 3355 missione
286 3307 390 3355 uocum
419 3307 482 3354 nou
514 3305 644 3366 caunum,
669 3309 725 3352 aec
741 3289 955 3368 personaliter
986 3288 1084 3350 inser·

111 3389 223 3465 maan
248 3389 301 3453 sed
324 3387 457 3472 gradum
481 3388 513 3452 et
529 3387 668 3451 ordinem
692 3387 840 3468 adquam
864 3387 1001 3469 promoti
1018 3384 1083 3448 fue·

2 3498 3 3506 ’
111 3487 180 3551 rint
202 3507 276 3570 prae
294 3487 391 3552 oculis
406 3486 566 3563 habentes,
584 3485 698 3567 ubique
713 3505 746 3550 se
768 3487 873 3568 patres
897 3487 929 3548 et
943 3485 1083 3568 pastores

111 3602 182 3650 esse
205 3583 420 3659 meminerint3
445 3584 477 3646 et
501 3587 565 3646 tam
580 3582 693 3664 nepes,
710 3601 805 3664 qaam
820 3585 956 3646 caeteros
978 3599 1084 3644 omues
