2758 4270
326 250 379 311 302
594 253 782 308 abacosque
807 253 845 300 DE
870 253 1017 302 PERSONIS
1047 267 1050 272 ’

372 463 446 526 889.
472 496 513 506 —
541 455 625 520 VIII.
649 452 805 518 Numerus
829 451 962 519 fratrum
993 451 1035 515 sit
1066 451 1138 515 talis
1165 451 1193 514 in
1214 469 1275 532 quo·

325 563 402 626 libet
414 557 576 630 conventu,
591 553 644 634 qui
660 551 779 634 possint
795 549 838 612 ali
854 568 889 612 ex
905 547 1080 614 redditibus
1096 551 1150 612 aot
1165 550 1276 613 eleemo-

326 661 427 744 synis3
453 655 604 720 Clausum
628 649 776 722 servetur,
801 645 851 710 cui
874 647 990 711 ianitor
1013 647 1138 728 praesit.

372 757 446 820 890.
472 791 515 798 -
531 751 586 814 lX.
605 747 749 828 Superior
772 745 887 808 habeat
910 744 1012 808 claves
1037 745 1173 808 omnium
1195 744 1275 808 cellu-

325 855 439 928 larum,
463 851 494 914 61
516 850 639 928 lampas
662 845 694 908 iu
718 842 818 906 medio
842 841 1019 906 dormitorii
1043 843 1112 906 1616
1135 843 1276 906 11661661-

326 951 415 1024 deat3
440 965 543 1012 omnes
567 943 703 1006 habeant
726 939 820 1003 661166
844 939 875 1001 11
907 939 1065 1002 communi
1093 938 1274 1010 dormitorio;

326 1048 477 1113 fenestrae
500 1040 696 1124 respicientes
720 1037 752 1098 in
776 1037 859 1098 viam
883 1035 928 1098 ita
945 1035 1156 1111 obstruantur,
1172 1037 1205 1099 ut
1219 1053 1274 1116 pro·

326 1148 449 1228 spectus
466 1141 670 1224 impediatur;
687 1139 716 1200 in
735 1135 872 1217 quolibet
885 1135 1036 1198 conventu
1049 1134 1092 1198 sit
1107 1134 1272 1206 infirmaria

326 1245 358 1307 et
381 1243 485 1306 nullus
509 1240 597 1303 exeat
621 1256 636 1300 e
660 1235 812 1298 conventu
836 1231 894 1296 nisi
920 1233 1009 1314 gravi
1032 1232 1069 1295 de
1093 1234 1231 1306 causa,et
1245 1231 1274 1293 de

325 1340 451 1403 lieentia
476 1336 692 1418 Superiorum3
716 1332 749 1395 et
771 1331 876 1394 nullus
892 1329 931 1392 ad
955 1329 1069 1394 Urbem
1085 1331 1215 1405 accedat,
1226 1329 1274 1392 nisi

325 1438 433 1501 habita
457 1433 582 1498 licentia
606 1451 624 1494 a
649 1429 792 1494 Generali
807 1427 855 1491 161
869 1425 1221 1508 Cardinaliproteotore3
1235 1426 1274 1488 de-

325 1536 432 1618 gentes
456 1535 542 1596 61116
566 1531 704 1593 claustra
725 1525 956 1608 quamprimum
973 1524 1012 1588 ad
1029 1525 1085 1588 illa
1101 1527 1274 1590 revocentur.

369 1632 444 1694 891.
469 1665 513 1676 --
537 1629 581 1690 X.
601 1625 715 1690 Nullus
739 1623 928 1686 admittatur
951 1622 991 1686 ad
1015 1623 1167 1698 habitum,
1184 1622 1274 1686 nisiiu

323 1728 526 1794 conventibus
550 1745 567 1788 a
590 1721 740 1786 Pontifioe
763 1720 903 1784 statutis.

370 1826 444 1888 892.
458 1861 502 1872 -
518 1823 572 1886 XI.
586 1819 701 1885 Nullus
717 1837 846 1883 munera
859 1817 1002 1900 accipiat,
1016 1818 1082 1882 sive
1094 1819 1239 1902 largiatur
1252 1814 1273 1878 ¹:

323 1923 461 1987 ambitus
484 1922 636 2018 honorum
661 1917 803 1982 tollatur.

369 2163 378 2196 1
401 2164 410 2186 “
434 2163 534 2229 Quare,
562 2179 598 2216 ue
618 2179 651 2216 ex
674 2159 866 2214 muneribus...
880 2161 982 2230 gravia
1003 2160 1182 2214 incommoda
1204 2157 1276 2213 611611

323 2252 389 2308 boui
416 2251 508 2320 specie
536 2251 668 2314 existant,
697 2265 869 2318 praecavere
901 2252 1076 2304 studentes...
1105 2247 1276 2317 Regularibus

323 2342 449 2410 personis
469 2341 615 2408 utriusque
635 2357 716 2394 sexus
736 2355 857 2403 omnem,
884 2343 913 2392 et
943 2338 1177 2406 qualemcumque
1205 2335 1277 2405 largi·

323 2431 431 2484 tionem
449 2433 478 2484 61
497 2429 659 2483 missionem
678 2443 826 2481 munerum
846 2427 960 2496 penitus
974 2426 1197 2482 interdicimus...
1209 2426 1277 2480 Prae·

323 2523 454 2588 terquam
474 2518 581 2573 leviora
600 2517 752 2582 esculenta,
769 2521 818 2572 aut
831 2517 986 2585 poculenta
999 2534 1047 2572 6611
1060 2517 1097 2571 ad
1113 2517 1276 2572 devotionem

323 2609 369 2662 vel
400 2607 566 2675 religionem
598 2606 772 2675 pertinentia
805 2607 989 2662 munuscula..
1031 2607 1197 2661 tradenda...
1226 2604 1277 2660 Nisi

323 2697 419 2766 reipsa
437 2715 487 2764 pro
516 2696 614 2750 divino
643 2697 720 2750 cultu
752 2699 781 2749 et
810 2696 883 2750 veris
903 2695 1008 2750 Christi
1038 2714 1193 2765 pauperum
1218 2693 1276 2750 indi·

322 2786 438 2856 gentiis,
458 2789 570 2840 servato
589 2785 619 2838 111
638 2785 691 2840 hoo
711 2785 859 2839 charitatis
879 2785 985 2852 ordine,
1006 2789 1035 2839 61
1054 2786 1155 2840 habita
1173 2783 1275 2840 necessi·

323 2873 392 2926 tatis
412 2872 531 2936 ratione,
560 2872 594 2926 de
623 2872 740 2926 consilio
771 2874 800 2926 61
830 2887 967 2925 6611666611
996 2874 1171 2939 superiorum
1198 2871 1275 2925 suble·

322 2961 431 3028 vendis,
451 2965 500 3016 aut
520 2961 590 3015 alias
611 2961 641 3014 in
661 2963 743 3015 rebus
764 2961 877 3016 licitis...
907 2961 1092 3016 Declarantes
1123 2966 1213 3016 tamen
1236 2975 1275 3028 per

321 3051 391 3105 haec
410 3051 592 3111 laudabilem,
606 3055 635 3104 et
654 3050 811 3119 apostolica
824 3050 963 3115 doctrina,
977 3051 1122 3120 sacrisque
1137 3050 1274 3106 canonibus

320 3139 549 3194 commendatam
569 3139 807 3208 hospitalitatem,
828 3140 997 3208 praesertim
1016 3157 1084 3210 erga
1106 3157 1237 3208 pauperes
1253 3139 1275 3190 61

321 3229 492 3297 peregrinos,
512 3245 694 3296 nequaquam
714 3228 852 3295 imminui,
873 3231 923 3282 aut
942 3229 1112 3296 prohiberi...
1127 3229 1190 3283 Pari
1202 3227 1275 3283 etiam

320 3318 430 3372 ratione
450 3317 578 3372 districte
598 3317 759 3372 inhibemus
779 3335 815 3372 ne
835 3317 1013 3386 quisquam...
1027 3318 1178 3388 quicquam
1192 3321 1276 3372 contra

320 3407 395 3460 hano
414 3407 543 3476 superius
563 3425 725 3476 expressam
744 3408 965 3476 prohibitionem
994 3408 1143 3476 recipiat...
1167 3407 1240 3474 Quod
1256 3405 1276 3458 ri

320 3496 472 3564 quicquam
492 3498 636 3565 receperit,
657 3497 686 3550 id
708 3497 783 3566 quod
811 3497 953 3565 acceperit
980 3514 1061 3551 suum
1090 3515 1148 3553 non
1175 3497 1275 3551 faeiat·-

320 3583 426 3638 Verum
438 3585 500 3652 ipso
514 3584 618 3640 facto...
633 3586 670 3640 ad
682 3586 759 3640 illiue
773 3586 983 3642 restitutionem
999 3587 1114 3642 omnino
1130 3587 1159 3640 in
1173 3589 1275 3652 utroque

322 3670 384 3724 foro
403 3675 547 3738 tannetum
569 3673 639 3728 adeo
658 3677 700 3738 ut,
720 3675 900 3730 restitutione
923 3677 986 3743 ipra
999 3675 1116 3730 realiter
1129 3693 1186 3730 non
1201 3673 1273 3734 facto
