2750 4270
434 247 499 294 GAP.
524 247 544 294 1.
569 249 608 294 DE
633 247 784 294 EPISGOPIS
1032 241 1086 296 235

165 447 240 512 681.
255 483 296 495 -
311 449 390 512 lino.
404 449 455 512 X¹.
473 449 651 514 Bonifacius
663 449 739 512 VIII
756 448 904 522 insinuat,
920 447 1086 529 Episcopos

121 545 228 610 debere
252 545 390 626 quotidie
413 547 565 611 celebrare
588 546 637 610 vel
670 546 781 610 saltem
814 543 920 610 audire
945 543 1085 617 Missam,

120 644 187 706 cine
210 663 273 722 quo
300 663 350 706 eos
380 645 516 708 transire
548 663 611 708 aon
641 644 726 708 siccet
755 643 872 724 absque
903 640 1087 706 rationabili

120 761 215 804 caasa
238 739 337 803 ullum
360 741 441 804 diem
466 739 554 824 (Gap.
579 741 630 806 fin.
655 742 693 804 de
711 739 821 821 privil.
845 741 879 803 o'u
904 741 948 823 6).

81 909 84 915 .
164 840 240 906 682,
257 875 294 884 -
307 838 385 904 Rue.
399 839 467 902 Xl·.
477 840 618 922 Episcopi
631 839 743 904 ltaliae
756 856 941 920 unoquoque
954 835 1086 902 triennio

118 936 261 1018 perficere
286 935 398 1000 debent
422 955 636 1002 vrsrmrrounn
653 953 693 1001 nn
717 955 836 1010 omma,
858 937 890 1000 et
905 936 929 1000 si
947 935 1088 1018 legitimo

14 1069 21 1088 ·
117 1033 316 1098 detineantur
331 1034 561 1116 impedimento,
575 1035 632 1099 hoc
649 1033 847 1098 iurisiurandi
860 1033 1008 1116 religione
1020 1051 1087 1096 con·

116 1129 288 1205 firmantes,
302 1131 434 1194 Romam
448 1133 548 1194 virum
561 1131 803 1195 ecclesiasticum
817 1131 989 1212 opportuno
1002 1147 1088 1192 man·

116 1227 193 1291 dato
224 1227 413 1292 instructum
445 1229 570 1293 mittere
599 1228 838 1310 compelluntur,
864 1228 916 1309 qui
948 1227 1087 1308 ipsorum

114 1325 199 1388 vices
223 1327 322 1408 gerat.
347 1326 490 1408 Episcopi
513 1327 706 1401 remotionen,
724 1327 760 1388 ut
777 1323 962 1388 Germaniae
979 1325 1010 1388 et
1028 1323 1087 1386 Hi·

115 1425 254 1506 spaniae,
280 1442 463 1506 unoquoque
479 1424 687 1506 quinquennio
705 1423 862 1505 (Episcopi
876 1421 999 1486 Galliae
1015 1440 1088 1502 qua-

114 1522 292 1604 driennio);
315 1523 348 1586 et
364 1523 565 1587 remotissimi
581 1521 725 1604 Episcopi
740 1539 926 1602 unoquoque
942 1519 1086 1584 decennio

9 1685 11 1710 ζ
114 1619 155 1684 ad
180 1619 261 1684 hanc
284 1638 442 1683 sacrorum
475 1620 633 1684 LimInum
662 1619 874 1684 visitationem
904 1618 1048 1681 tenentur
1068 1621 1087 1678 ².

114 1717 160 1782 Ut
185 1718 295 1782 scribit
318 1718 348 1783 S.
375 1716 583 1801 Congregatio
606 1717 644 1782 de
668 1716 872 1800 Propaganda
896 1715 973 1778 Eide
990 1715 1021 1778 in
1041 1713 1089 1777 ln-

114 1815 290 1880 structione
312 1817 372 1881 diei
400 1817 414 1879 1
442 1815 525 1879 Iunii
548 1835 598 1880 an.
627 1815 723 1890 1877,
749 1833 767 1878 a
791 1814 846 1878 Pio
870 1813 915 1876 IX
937 1813 1087 1895 probata:

118 1939 136 1972 «
151 1911 259 1978 Facile
283 1914 411 1996 quisque
427 1913 584 1998 intelliget
599 1913 908 1987 ordinariascausaa
926 1930 1005 1992 quae
1020 1929 1088 1992 per·

115 2012 258 2076 sonalsm
275 2012 486 2076 visitationem
503 2011 685 2094 impedIont,
699 2013 807 2076 nostra
823 2009 881 2073 hac
897 2011 1000 2073 aetate
1016 2027 1088 2072 non·

11 2161 12 2164 η
113 2110 174 2174 nisi
198 2128 270 2174 raro
293 2111 396 2174 locum
421 2111 547 2183 habere3
572 2129 608 2174 ea
625 2109 707 2173 enim
724 2109 841 2173 invexit
856 2107 1027 2170 humanum
1045 2107 1088 2170 in·

10 2287 11 2294 ¹
114 2209 241 2290 genium
268 2207 448 2272 adiumenta
473 2206 513 2271 ad
536 2207 640 2270 varlas
664 2207 803 2271 locorum
828 2203 996 2268 distantias
1020 2221 1087 2284 per·

114 2305 294 2381 currendos,
318 2307 354 2369 nt
377 2305 547 2370 incredibili
573 2303 668 2368 ferme
691 2303 850 2367 celeritate
873 2303 905 2365 et
935 2301 1088 2366 facilitate

114 2403 300 2489 longissima
325 2422 464 2485 quaeque
488 2401 601 2466 itinera
624 2403 708 2466 terra
731 2401 871 2483 marique
898 2399 1002 2482 perfici
1033 2417 1087 2462 vn·

160 2687 169 2721 ¹
192 2693 222 2741 1⁰
244 2686 437 2744 Communiter
455 2688 554 2742 dicunt
573 2687 632 2742 An.
652 2687 693 2741 ibi
713 2704 774 2742 esse
787 2687 887 2742 limina
899 2687 947 2740 ubi
961 2690 1005 2740 est
1017 2685 1088 2740 Pon-

115 2777 189 2832 tifex
210 2777 362 2832 Maximus.
381 2780 411 2830 2⁰
431 2777 613 2832 Visitationis
641 2777 783 2832 obiectum
813 2781 857 2831 est
884 2775 1030 2830 veneratio
1059 2779 1088 2828 et

9 2861 11 2926 Ῐ
116 2865 232 2922 devotio
252 2885 317 2936 erga
340 2867 388 2922 SS.
408 2868 579 2936 Apostolos;
600 2867 778 2922 reverentias
798 2869 827 2922 et
845 2867 1025 2924 obedientiae
1045 2883 1089 2919 ax·

9 3027 11 3032 s
116 2955 219 3011 bibitio
240 2973 308 3026 erga
327 2957 359 3010 R.
381 2957 561 3021 Pontificem;
582 2957 683 3012 relatio
704 2959 795 3011 status
815 2956 958 3011 dioecesis.
982 2959 1015 3012 ln
1034 2959 1088 3010 hac

9 3049 11 3114 ζ
116 3045 283 3100 visitatione
303 3047 385 3102 modo
405 3047 522 3114 speciali
541 3047 642 3101 Pastor
660 3046 809 3100 Pastorum
829 3046 928 3116 dirigit
947 3051 976 3102 et
998 3047 1088 3101 “con-

118 3132 213 3189 lirrnat
232 3133 338 3188 fratres
357 3153 421 3190 suos
440 3177 461 3199 „.
483 3137 512 3190 3⁰
532 3135 654 3203 Tempus
679 3137 828 3202 reputatur
857 3136 892 3189 ab
920 3136 1022 3191 ultima
1047 3136 1089 3189 vi·

9 3225 11 3280 J
118 3225 263 3294 citatione,
299 3233 327 3280 et
358 3243 433 3281 nova
467 3225 602 3280 facienda
634 3229 678 3280 est
708 3227 786 3280 intra
818 3226 947 3280 ultimum
982 3244 1087 3280 annum

9 3289 11 3330 l

10 3367 14 3496 l

10 3499 16 3542 l

118 3309 246 3381 (triennii
267 3314 332 3380 etc.)
352 3331 369 3368 a
387 3318 516 3382 tempore
536 3333 591 3384 quo
620 3315 777 3382 Episcopus
805 3316 925 3368 actualis
954 3316 1000 3368 vel
1028 3315 1087 3370 eius

118 3403 289 3458 Antecessor
308 3403 525 3472 praecedentem
555 3403 675 3472 peregit.
704 3403 786 3456 Unde
814 3421 903 3458 novus
932 3404 1087 3473 Episcopus

119 3508 174 3546 non
193 3496 290 3562 potest
309 3497 460 3562 expectare
479 3495 632 3548 terminum
652 3491 780 3558 (trIennii
800 3491 864 3554 etc.)
885 3494 1016 3562 propriae
1041 3495 1087 3548 od-

120 3579 349 3655 ministrationis.
365 3583 395 3636 4⁰
409 3581 541 3650 Episcopi
555 3583 685 3638 titulatos
697 3581 872 3649 probabilius
885 3601 942 3636 non
956 3587 1088 3638 tenentur

119 3668 236 3726 uisitare
256 3671 364 3726 limina.
