2818 4276
304 227 353 280 142
433 227 607 276 Tnnorl'uus
632 229 670 274 llll
695 228 886 274 Hlsnllcoffln
910 225 1145 274 iofflsurcriorus

300 431 416 492 tiones:
445 430 476 490 i·
503 453 519 486 «
533 429 578 490 De
602 428 782 508 temporalis
806 429 892 510 regui
916 447 985 491 cum
1010 427 1172 508 spirituali
1195 447 1285 491 eom·

302 526 493 608 patibilitate
510 525 671 608 disputant
694 525 774 588 inter
797 545 829 589 se
852 525 1038 592 christianae
1054 529 1085 588 et
1101 525 1283 590 catholicae

301 623 454 687 Ecclesiae
464 622 521 686 filii
534 648 564 684 ».
579 624 614 686 2ιι
633 623 833 707 «Abrogatio
850 623 951 686 civilis
964 623 1096 704 imperii,
1115 641 1178 702 qno
1195 623 1284 704 Apo·

301 722 411 786 stolice
437 721 528 784 Sedes
552 721 680 801 potitur,
699 721 738 784 ed
762 721 915 784 Ecclesiae
939 721 1128 796 libertatem,
1145 721 1284 784 felicita-

303 821 427 900 temque
445 818 492 882 vel
517 819 649 884 maxime
672 819 897 883 conduceret».
923 820 958 881 3³
986 819 1177 882 «Romanus
1201 819 1285 882 Pon·

303 918 376 981 tifex
401 919 504 998 potest
528 935 563 980 ac
586 915 676 978 debet
700 936 769 980 cum
794 937 969 1001 progressu,
993 936 1064 979 cum
1082 915 1283 980 iiberniismo

303 1019 333 1078 ci
355 1035 423 1078 cirin
446 1015 564 1078 receati
587 1013 736 1078 cicil'inie
759 1034 824 1078 sese
847 1015 1053 1088 reconciliare,
1078 1017 1174 1096 atque
1199 1034 1282 1078 com·

305 1132 414 1194 ponere
430 1137 461 1173 ».
772 1129 774 1134 ·

348 1209 700 1274 429.—11.Summus
723 1210 864 1275 Pontifex
887 1219 946 1276 non
970 1231 1076 1286 unam,
1093 1211 1148 1276 sed
1172 1212 1281 1292 plures

303 1310 396 1372 refert
420 1327 582 1389 personas:
607 1327 679 1370 nam
703 1311 750 1372 est
782 1309 936 1391 Princeps,
962 1311 1056 1390 caput
1079 1310 1111 1372 et
1133 1310 1279 1372 centrum

304 1406 486 1470 universalis
516 1406 679 1481 Ecclesiae,
706 1405 900 1469 Patricrcba
932 1404 1116 1482 Occidentis,
1143 1404 1280 1468 Primos

303 1503 429 1580 Italiac,
446 1503 651 1582 Metropolitn
671 1505 850 1584 provinciae
866 1504 1028 1568 Romanae
1048 1508 1078 1566 ci
1099 1503 1279 1583 Episcopus

307 1603 395 1665 nrbis
419 1603 547 1666 Rornae.
565 1603 621 1666 Est
637 1603 730 1666 etiam
755 1603 787 1665 in
804 1602 1027 1684 temporalibus
1044 1621 1208 1684 supremus
1232 1605 1279 1668 to-

304 1701 367 1763 tius
391 1699 517 1762 ditionis
541 1699 765 1762 ecclesiasticae
789 1699 933 1781 Princeps
957 1700 988 1762 et
1014 1700 1089 1774 nex,
1115 1700 1168 1780 qui
1191 1719 1277 1764 more

304 1799 495 1862 caeterorum
524 1797 700 1878 Principum
725 1799 756 1861 et
783 1797 905 1880 Regum
928 1816 1049 1860 summo
1073 1797 1194 1878 pot‘tur
1217 1799 1276 1861 im-

307 1895 399 1976 perio,
418 1894 499 1975 quod
523 1895 588 1958 sive
611 1893 755 1976 procedat·
771 1913 806 1956 ex
829 1912 976 1958 consensu
1000 1893 1196 1976 populorum,
1211 1895 1276 1958 sire

305 2010 341 2056 er
364 1991 542 2073 Principum
565 1993 597 2054 et
613 1991 734 2074 Regum
751 1991 979 2067 donationibus,
993 1992 1058 2054 sive
1074 2009 1109 2054 er
1126 1990 1275 2056 diuturna

306 2089 554 2172 praescriptione,
578 2090 643 2153 sine
666 2108 702 2152 er
725 2089 861 2153 onerosis
884 2090 1102 2165 contractibus,
1126 2089 1205 2154 adeo
1228 2093 1276 2155 est

305 2188 337 2250 in
361 2206 396 2251 eo
421 2187 600 2261 solidatum,
624 2188 661 2250 ut
684 2187 798 2250 nemini
822 2189 950 2268 aequius
974 2188 1005 2250 et
1028 2187 1133 2268 potius
1156 2206 1276 2270 compe-

305 2285 364 2360 tat,
389 2284 438 2348 vel
460 2286 632 2367 competere
656 2285 763 2366 possit.
782 2283 828 2368 (C.
852 2283 984 2358 Ferrari,
1009 2284 1147 2365 Devot').

351 2382 425 2444 430.
441 2418 482 2428 -
495 2381 592 2444 Nota.
609 2381 700 2446 Rom.
717 2381 859 2446 Pontifex
882 2383 973 2463 plura
997 2383 1059 2446 alie
1082 2382 1178 2446 habet
1194 2384 1272 2458 iura,

306 2499 385 2561 quae
408 2498 466 2544 non
490 2479 635 2544 videntur
664 2481 834 2544 necessario
869 2479 918 2543 hio
952 2481 1138 2562 exponenda.
1162 2480 1274 2545 Omnes

306 2578 492 2642 confitentur
503 2579 622 2660 Papam
634 2597 724 2660 posse
734 2577 899 2656 pierinrins
911 2577 1125 2658 indnlpcniias
1141 2577 1255 2660 berneri
1263 2602 1273 2655 ,·

306 2673 451 2754 penernie
478 2673 652 2739 Concilium
679 2675 833 2751 indicere;
857 2675 1062 2739 Brevioriinn
1086 2679 1116 2740 ct
1137 2677 1273 2742 Missclc

306 2773 461 2853 corripere
495 2793 532 2835 nc
564 2777 706 2848 rnntnrc;
740 2772 851 2852 nbiqnc
887 2776 1043 2836 terraram
1066 2772 1272 2852 Pontificnlin

306 2889 456 2946 exercerc,
481 2871 550 2946 etc,
574 2871 632 2934 etc.

352 2967 426 3030 431.
442 3003 484 3014 -
501 2968 604 3032 Varia.
620 3003 659 3014 -
677 2968 702 3030 Ι.
726 2967 923 3032 Innocentius
946 2967 1005 3043 Ill,
1030 2967 1067 3031 de
1091 2986 1146 3031 sua
1170 2970 1270 3032 auoto-

307 3065 402 3128 ritate
417 3065 463 3129 ita
480 3065 666 3129 sententiam
690 3064 824 3148 profert:
852 3064 940 3144 «Qui
956 3065 1124 3130 secuudum
1141 3065 1237 3148 pleuit
1259 3103 1271 3114 ·

306 3161 410 3226 dinem
427 3163 463 3226 de
479 3163 545 3226 iure
561 3181 726 3244 possumus
742 3181 834 3245 supra
852 3162 901 3226 ius
913 3163 1089 3245 dispensare
1102 3188 1133 3225 ».
1143 3161 1269 3246 (Capi,

305 3259 344 3322 dc
366 3279 497 3322 concess.
516 3259 653 3342 praet).

352 3355 427 3418 432.
454 3393 489 3402 -
518 3357 560 3420 ΙΙ.
585 3355 670 3438 Papa
693 3357 795 3438 potest
817 3357 849 3420 et
865 3355 955 3421 debet
977 3357 1062 3440 leges
1084 3356 1205 3420 divinas
1227 3357 1269 3420 in-

306 3453 472 3535 terpretari
493 3455 525 3517 et
548 3453 713 3518 declarare.
738 3453 977 3536 (Reiffenstuel).

352 3550 427 3614 433.
452 3587 496 3596 -
518 3551 576 3614 ΙΙΙ.
599 3550 740 3616 Pontifex
764 3553 865 3634 potest
888 3570 947 3616 non
970 3553 1129 3634 acceptare
1152 3551 1269 3617 Pontifi-

305 3646 413 3712 catum
435 3647 495 3712 sibi
510 3647 668 3724 delatum;
684 3649 746 3713 imo
762 3647 987 3714 Pontificatum
1009 3649 1112 3732 ipsum
1128 3647 1269 3731 deponere
