2818 4276
233 217 298 263 CAP.
314 215 357 262 111.
375 216 414 262 DE
432 213 659 262 mantolomaus
675 215 759 262 ECCL.
777 215 840 262 CUM
857 215 921 261 SOC·
938 214 996 261 CIV.
1047 211 1100 264 113

449 431 606 498 REQUIES
627 432 781 486 ANIMAE.

176 535 310 599 Mramn
322 552 439 600 cosma.
452 535 551 600 Actus
566 535 717 618 perfectae
729 537 902 612 eharitatis,
915 555 991 618 quos
1004 536 1097 601 beata

128 633 230 717 Virgo
254 633 365 698 habuit
387 635 417 698 in
441 634 500 698 hao
515 635 592 710 vita,
609 635 848 698 innumerabiles
865 633 1000 710 filerunt,
1018 653 1098 715 quae

128 731 193 795 fere
217 733 320 795 totam
344 731 443 796 vitam
466 733 496 795 in
514 732 775 814 contemplatione
799 732 953 816 transegit
969 733 1001 795 et
1016 732 1100 794 huno

128 829 250 892 amoris
273 829 377 892 aetum
400 829 646 911 frequentissime
662 829 821 911 repetebat
844 827 994 914 (Suarez).
1011 828 1098 894 Adeo

128 929 168 990 ut
180 945 237 990 neo
249 926 331 989 aetio
348 926 639 1008 contemplationem
652 927 815 1002 minueret,
829 930 860 990 et
875 927 1100 1009 contemplatio

128 1044 190 1090 non
216 1025 368 1089 desereret
391 1025 543 1089 actionem
568 1027 610 1098 (S.
635 1025 718 1090 Petr.
744 1027 860 1108 Bam).

175 1123 312 1186 Mnamn
334 1139 456 1188 rnvoon.
484 1122 652 1188 OMaria!
686 1123 735 1187 To
758 1143 790 1186 es
817 1149 834 1182 e
867 1124 949 1208 ignis
979 1123 1099 1188 inflam-

127 1241 222 1286 mans
246 1220 383 1306 frigidos,
407 1222 439 1286 et
461 1221 581 1304 tepidos
605 1221 643 1286 ad
668 1222 724 1286 Dei
749 1241 895 1297 amorem,
913 1225 945 1286 et
962 1222 1101 1287 dileetio·

127 1338 213 1392 nem,
238 1339 374 1403 purgans
403 1319 579 1384 immundos
602 1339 620 1384 a
644 1321 788 1402 pensatis,
812 1320 993 1384 illuminans
1016 1322 1101 1384 tene

127 1419 240 1482 brosos
263 1437 316 1500 per
332 1419 536 1502 ignorantiam
554 1418 593 1482 ad
609 1419 667 1483 Dei
683 1419 901 1503 cognitionem.
926 1420 1044 1494 uniens,
1066 1420 1101 1483 et

127 1515 282 1598 copulans
305 1518 370 1580 Deo
393 1516 534 1580 homines
565 1517 603 1580 ab
628 1535 663 1580 eo
689 1517 851 1601 elongatos
875 1518 906 1580 et
939 1515 1095 1580 divisos»

127 1612 328 1694 (Bernardin.
352 1612 389 1676 do
413 1611 544 1696 Bustis).

177 1709 312 1774 Manna
335 1726 503 1775 marmor.
527 1712 584 1775 Dei
600 1713 632 1776 et
648 1711 852 1776 Beatissimae
875 1711 1028 1776 Dominae
1043 1731 1099 1778 no-

127 1809 217 1874 strae
242 1827 379 1874 amorem
403 1809 491 1873 nnioe
511 1809 695 1891 quaerendo.
713 1810 803 1884 Ama,
821 1811 852 1874 et
869 1810 916 1874 iao
932 1811 1015 1892 quod
1032 1811 1099 1876 vis:

127 1913 269 1978 amando
292 1915 373 1979 enim
397 1915 529 1980 fideliter
551 1916 656 1980 divina
672 1916 822 1980 mandata
843 1917 988 1994 servabis,
1012 1920 1043 1981 et
1059 1917 1100 1981 ab

127 2012 220 2077 omni
244 2012 421 2078 voluntaria
445 2013 686 2098 transgressione
715 2013 833 2077 alienus
857 2015 927 2078 eris.
951 2051 995 2060 -
1019 2013 1103 2078 Filii

126 2109 266 2174 Martae
289 2111 462 2176 imitatores
486 2113 584 2175 etos...

188 3786 203 3828 8
219 3809 243 3817 -
257 3787 324 3830 Jara
338 3801 390 3832 eon.
