2758 4270
238 260 243 268 ’
318 257 371 310 306
599 254 773 302 subdubius
797 254 836 300 bc
861 251 1005 299 PERSONIS

256 490 258 493 v
316 455 418 536 pretes
442 452 481 516 ad
504 451 600 533 caput
623 449 750 516 Dilecto
777 449 814 514 de
837 447 973 512 Maiorit.
999 447 1031 510 et
1055 443 1212 510 Obedient.
1235 477 1274 486 -

317 549 379 615 cfr.
398 549 514 633 Soglia,
532 549 589 612 ete.

363 647 438 710 903.
464 683 506 693 —
531 647 574 710 lle
599 645 825 711 confessariis.
851 679 892 688 -
916 642 941 704 Ι.
966 635 1278 704 Nonlicetconlessa·

317 743 373 807 riis
397 741 604 825 Regularibus
637 731 793 821 Superiori
827 738 967 802 exhibere
1002 735 1128 800 nomina
1160 750 1278 796 suorum

318 839 553 922 poenitentium.
578 838 626 900 Ad
651 838 778 901 dubium
804 837 904 900 enim:
932 859 950 893 «
972 833 1022 897 An
1045 833 1140 896 liceat
1159 832 1196 894 ut
1217 847 1279 894 con·

318 938 437 1002 fossarii
462 936 576 1019 singuli
601 936 765 1000 exhibeant
789 934 945 1017 Superiori
961 932 1086 996 nomina
1103 925 1281 1008 eorum‚qui

318 1035 357 1098 ad
381 1053 452 1098 suos
475 1033 566 1116 pedes
590 1035 693 1116 gratia
717 1031 952 1097 sacramentalis
975 1028 1177 1094 confessionis
1204 1043 1280 1090 aoce-

318 1132 423 1196 dunt?
440 1157 457 1190 >›
477 1167 521 1176 -
537 1131 567 1194 S.
592 1130 689 1214 Cong.
715 1130 844 1194 Consilii
868 1127 1044 1211 respondit:
1065 1151 1083 1186 ⁴<
1098 1125 1170 1189 Non
1186 1125 1279 1188 licere.

318 1230 376 1293 Die
393 1229 434 1292 26
451 1227 557 1290 Martii
581 1227 663 1290 1678
681 1251 698 1284 »
718 1227 832 1308 (Aeol.
855 1225 889 1290 0.
906 1225 957 1288 M.
979 1221 1067 1300 0.,1‚
1085 1223 1177 1304 339).

365 1327 439 1388 sul.
465 1359 507 1371 -
531 1325 573 1387 11.
597 1323 782 1387 Mandatum
807 1323 837 1388 S.
860 1325 983 1406 -Congn
1015 1322 1053 1384 de
1083 1317 1281 1384 immutandis

319 1422 456 1504 quolibet
479 1421 610 1485 triennio
634 1419 924 1485 Sanctimonialium
948 1418 1162 1492 confessariis
1179 1434 1282 1498 appro-

318 1521 411 1584 bante
435 1518 583 1602 Gregorio
607 1517 685 1582 XIV
708 1517 819 1594 latum,
844 1521 876 1582 et
899 1517 1008 1582 deinde
1031 1517 1149 1599 pluries
1165 1515 1283 1578 innova-

318 1621 397 1694 tum,
422 1637 458 1680 ex
480 1616 628 1699 gravibus
651 1616 808 1679 rationum
832 1615 999 1680 momentis
1015 1613 1217 1696 repetendum
1231 1612 1282 1684 est,

317 1714 447 1795 ideoque
470 1713 555 1776 illius
579 1713 808 1776 observantiam
825 1711 855 1776 S.
873 1711 907 1776 C.
924 1712 1042 1788 sedulo,
1064 1711 1282 1794 diligenterque

318 1829 438 1892 semper
460 1810 591 1873 curavit.
616 1808 675 1872 Sed
702 1829 772 1872 oum
808 1809 975 1890 aliquando
1011 1829 1047 1873 ex
1082 1807 1282 1890 peculiaribus

318 1927 420 1970 rerum
444 1906 599 1970 adiunctis
615 1907 735 1970 euenire
751 1907 860 1988 possit,
877 1909 914 1970 ut
929 1906 1126 1971 confirmatio
1148 1901 1282 1970 adalind

318 2005 485 2068 triennium
510 2022 570 2066 non
594 2003 693 2066 solum
718 2003 815 2078 utilis,
847 2003 900 2067 sed
932 2003 1105 2068 necessaria
1136 2004 1189 2077 sit,
1221 2001 1282 2064 hino

318 2101 425 2164 eadem
450 2102 479 2163 S.
505 2098 538 2162 d.
563 2099 670 2162 audito
687 2098 858 2176 Ordinario,
876 2102 908 2164 et
925 2099 1225 2164 Sanctimonialibus
1240 2117 1282 2161 ca-

317 2197 496 2278 pitulariter
519 2215 571 2277 per
595 2198 716 2278 segreta
740 2197 899 2280 suffragia,
924 2197 956 2260 in
979 2199 1103 2261 casibus
1120 2195 1281 2278 particula·

316 2293 402 2356 ribus
425 2292 690 2356 confirmationem
713 2292 856 2376 indulget
879 2293 919 2356 ad
942 2295 1124 2370 secundum,
1142 2314 1180 2357 ac
1196 2293 1281 2357 etiam

317 2389 356 2452 ad
381 2389 507 2453 tertium
536 2390 713 2464 triennium,
745 2409 780 2453 ea
812 2391 917 2455 tamen
948 2391 1136 2468 conditione,
1170 2394 1207 2456 ut
1235 2406 1281 2473 pro

317 2486 549 2550 confirmatione
572 2486 612 2549 ad
636 2487 803 2550 secundum
827 2489 996 2552 triennium
1021 2508 1192 2553 consensus
1218 2487 1283 2554 dua-

317 2602 386 2645 rum
411 2602 446 2646 ex
470 2583 570 2646 tribus
592 2585 733 2665 partibus
756 2584 941 2650 Monialium
968 2590 1144 2663 concurrat,
1174 2590 1206 2650 ct
1236 2602 1281 2667 pro

318 2679 549 2742 confirmatione
572 2681 611 2742 ad
635 2681 764 2744 tertium
780 2682 948 2746 triennium
966 2685 1109 2748 omnium
1124 2701 1283 2748 consensus

318 2776 454 2838 accedat.
478 2775 659 2840 Ordinarius
682 2796 753 2840 vero
776 2778 812 2841 de
837 2781 993 2860 probitate
1027 2783 1121 2857 vitae,
1156 2783 1190 2846 et
1220 2799 1282 2864 pru·

318 2871 422 2935 dantia
447 2871 630 2936 Confessar'ri
652 2873 764 2937 referre
788 2875 887 2953 debet,
912 2881 945 2942 et
962 2879 994 2942 S.
1012 2878 1046 2943 O.
1064 2881 1228 2944 certiorem
1244 2880 1283 2942 la·

319 2987 385 3030 cere
408 2968 445 3030 de
469 2969 659 3044 necessitate,
684 2971 733 3032 vel
756 2973 868 3035 saltem
884 2975 1028 3040 utilitate
1044 2976 1283 3041 confirmationis

319 3063 492 3144 (Bianarri).

364 3161 438 3222 905.
468 3197 503 3203 —
529 3161 631 3240 snper
655 3165 921 3243 appellationibus
949 3170 1217 3250 11111111νί11-
1246 3169 1283 3231 llr

318 3256 476 3320 audientia
501 3256 609 3331 SSmi,
635 3258 683 3320 die
700 3261 719 3320 6
737 3261 808 3324 lulli
828 3264 924 3340 1754,
939 3265 1100 3332 Sanctitas
1116 3268 1189 3343 Sua,
1207 3268 1284 3350 plau·

318 3351 460 3414 dentibus
484 3353 625 3418 omnibus
649 3355 847 3440 Religionum
876 3360 1095 3443 Superioribus
1132 3363 1283 3429 mandauit

318 3447 400 3526 quod
425 3449 455 3510 in
478 3450 650 3513 recursibus
682 3452 885 3536 Regularium
918 3459 1070 3525 adversus
1102 3462 1283 3528 obedientias

317 3561 441 3606 suorum
471 3546 668 3625 Superiorum
699 3567 818 3631 semper
848 3541 1060 3621 rescribatur:
1082 3561 1231 3624 Pareant
1257 3557 1282 3620 et

316 3637 424 3702 deinde
447 3644 616 3717 recurrant,
644 3643 682 3706 ad
709 3645 842 3713 formam
866 3669 932 3733 cap.
949 3653 1232 3734 &prehensibilis
1250 3653 1281 3716 de
