2812 4268
301 257 356 312 428
593 263 767 311 moranus
790 265 830 310 DE
853 263 976 312 muscus

302 479 455 563 augendo,
478 481 510 544 et
532 483 714 562 pracsertim
741 482 822 546 circa
845 501 891 556 oa,
916 501 995 564 qnae
1018 483 1211 548 observanda
1235 487 1266 550 et

302 577 449 642 evitanda
473 581 546 643 sunt
568 581 600 643 in
623 581 826 646 celebratione
848 581 973 657 Missae,
997 583 1056 645 aut
1078 582 1267 664 alloqueris

304 676 396 741 modo
418 678 585 760 respiciunt
608 681 860 760 exsequntionem
873 679 994 743 Decreti
1019 680 1102 746 Sacr.
1128 679 1266 756 Concilii,

304 770 387 838 Saos.
403 776 457 849 21,
474 773 511 836 de
526 773 668 853 Reform.
684 795 749 856 cop.
769 779 800 850 8,
817 780 847 838 et
862 774 944 840 Sess.
960 779 1017 850 22,
1039 777 1073 839 in
1090 775 1216 840 Decret.
1232 777 1268 840 de

301 870 420 936 observ.
444 876 475 936 et
496 873 565 936 ecit.
589 873 625 936 e'a
647 873 789 938 celebrat.
814 874 909 938 Miss.

351 969 446 1034 1376.
475 1007 510 1016 -
539 970 608 1033 Vll.
632 971 712 1034 ltem
736 971 910 1036 aDecretis
935 973 1117 1059 cogentibus
1145 974 1270 1038 clericos

304 1068 372 1131 tam
396 1069 578 1144 saeculares,
603 1088 697 1150 quam
721 1069 888 1152 regulares,
913 1072 1008 1136 etiam
1038 1071 1205 1135 monachos
1239 1073 1269 1134 et

303 1167 473 1248 exemptos,
505 1165 545 1230 ad
580 1167 720 1248 publicas
754 1167 971 1249 processiones,
1006 1171 1131 1233 serrata
1166 1170 1270 1232 tamen
1311 1253 1314 1262 .

305 1261 405 1326 forma
429 1261 670 1327 Constitutionis
693 1283 717 1327 s.
741 1283 783 1326 m.
807 1264 857 1328 Pii
880 1264 919 1340 V,
944 1284 1023 1346 quae
1044 1266 1172 1347 incipit:
1197 1265 1270 1328 Etsi

305 1359 559 1437 mendicantium,
589 1364 679 1442 prout
695 1362 790 1425 etiam
806 1381 825 1425 a
841 1364 981 1427 Decretis
996 1365 1028 1427 et
1041 1364 1268 1445 provisionibus

306 1477 397 1539 super
421 1458 633 1540 praecedentia
656 1461 738 1523 inter
767 1479 911 1541 personas
945 1461 1181 1536 ecclesiasticas,
1205 1465 1268 1524 tam

304 1554 477 1618 saeculares
500 1575 595 1636 quam
619 1556 799 1639 Regulares,
823 1557 854 1619 iu
878 1557 992 1622 eisdem
1017 1558 1268 1639 processionibus,

307 1651 356 1716 vel
379 1653 584 1717 associatione
614 1653 840 1728 defunctorum,
872 1654 1025 1719 delatione
1039 1655 1216 1728 'umbellas
1239 1656 1268 1718 et

306 1749 498 1814 huiusmodi:
533 1771 647 1815 necnon
686 1771 777 1834 super
811 1753 1024 1820 observatione
1058 1771 1266 1826 censurarum,

305 1847 403 1910 etiam
427 1847 658 1929 episcopalium,
682 1852 714 1912 et
728 1849 875 1913 festorum
894 1849 1048 1926 dioecesis,
1065 1850 1154 1914 iuxta
1170 1850 1269 1931 dispo·

307 1945 452 2010 sitionem
475 1945 612 2010 eiusdem
624 1945 710 2010 Sacri
722 1946 862 2022 Consilii,
879 1946 961 2011 Sese.
978 1951 1034 2022 25,
1051 1947 1089 2010 de
1105 1947 1267 2029 Reyalor,

306 2062 375 2122 cap.
398 2046 442 2105 12
466 2047 496 2104 et
518 2063 584 2122 cop.
610 2048 661 2106 13.

356 2140 451 2203 1311.
474 2179 507 2186 -
529 2141 615 2204 Vlll.
632 2141 712 2204 Item
729 2143 761 2204 in
778 2142 920 2206 omnibus
937 2142 985 2214 iis,
1004 2161 1082 2222 quae
1106 2141 1147 2205 ad
1164 2160 1267 2204 curam

306 2239 482 2302 animarum
506 2241 538 2302 et
550 2235 813 2304 sacramentorum
830 2239 1132 2304 administrationem
1149 2257 1268 2321 quoquo

309 2336 400 2400 modo
425 2337 599 2418 pertinent,
628 2340 660 2400 et
684 2338 863 2419 praesertim
899 2337 1047 2401 adversus
1078 2338 1269 2409 monitiones,

308 2454 462 2510 censuras,
487 2439 544 2500 aut
567 2437 646 2499 alias
669 2437 869 2518 provisiones,
893 2453 946 2518 per
970 2454 1048 2517 quas
1064 2435 1202 2517 parochi,
1218 2435 1270 2499 ant

309 2533 365 2596 alii
388 2551 493 2596 curam
518 2535 693 2598 animarum
716 2537 897 2610 exercentes,
914 2533 1022 2598 diebus
1038 2534 1152 2598 saltem
1169 2533 1271 2598 Domi-

310 2631 386 2694 nicis
409 2632 441 2694 et
464 2631 551 2695 festis
573 2631 761 2696 solemnibus
785 2633 887 2714 plebes
910 2633 970 2698 sibi
991 2633 1174 2697 commissas
1190 2631 1269 2696 salu-

311 2728 431 2792 taribu·=
456 2729 557 2792 verbis
580 2749 702 2810 pascere
724 2730 961 2812 compellantur,
979 2730 1115 2794 docendo
1131 2749 1179 2806 ea,
1197 2749 1272 2811 quae

310 2826 351 2891 ad
374 2827 507 2891 salntem
525 2829 695 2891 necessaria
712 2830 794 2904 sunt,
811 2829 897 2892 iuxta
914 2829 1080 2892 Decretum
1097 2826 1183 2892 Sacri
1200 2827 1274 2892 Con-

309 2925 385 3000 cilii,
416 2922 498 2988 Scss.
516 2928 545 3000 5,
570 2925 607 2988 de
630 2925 781 3004 Reform,
805 2945 871 3004 cop.
884 2929 917 2988 2.

359 3022 455 3086 1378.
472 3023 586 3086 -1Χ.
611 3023 691 3088 Item
715 3023 861 3087 adversus
892 3023 1123 3104 deputationum
1149 3024 1275 3087 vicario·

313 3140 382 3184 rum
406 3121 499 3184 etiam
525 3122 743 3203 perpetuorum
767 3140 837 3185 cum
868 3120 1079 3204 assignatione
1109 3141 1273 3206 congruae,

313 3237 366 3300 per
396 3237 473 3300 qnos
504 3238 577 3283 cura
607 3219 781 3283 animarum
813 3221 997 3293 exerceatur,
1029 3220 1151 3301 quoties
1186 3220 1274 3302 plura

313 3316 459 3381 beneficia
486 3318 595 3380 curata
619 3335 655 3379 er
677 3316 904 3398 dispensatione
919 3316 1099 3398 Apostolioa
1115 3316 1155 3380 ab
1171 3317 1274 3398 aliquo

314 3414 523 3491 obtineantur,
548 3415 597 3478 vel
620 3415 741 3495 quoties
764 3414 871 3478 eadem
886 3414 1033 3478 beneficia
1049 3416 1159 3479 curata
1175 3415 1274 3480 catho-

313 3511 462 3588 dralibus,
486 3512 660 3596 collegiatis
683 3531 737 3576 seu
760 3512 830 3576 aliis
846 3512 990 3588 ecclesiis,
1008 3512 1056 3576 vel
1070 3513 1275 3589 monasteriis,

307 3609 477 3686 beneficiis,
502 3627 556 3674 seu
579 3609 727 3694 collegiis,
752 3612 809 3674 ant
831 3611 889 3692 piis
924 3609 1000 3674 locis
1033 3610 1275 3691 quibuscumque

314 3710 462 3788 perpetuo
487 3709 576 3771 nnita
599 3710 631 3771 et
654 3727 770 3772 annexa
793 3708 997 3790 reperiuntur,
1022 3709 1109 3772 iuxta
1132 3708 1278 3790 praesori-
