2750 4270
324 252 372 304 194
452 255 625 302 TRACTATUS
649 257 688 302 DE
712 255 902 302 irinuusscfflu
925 255 1153 302 IURISDIG'I'IONIS

317 457 448 538 possunt
471 456 628 539 Syncdnm
652 473 828 529 convocare,
852 475 950 538 neque
973 475 1151 520 concursum
1166 455 1202 519 ed
1217 475 1271 536 pc·

317 553 468 617 rochialos
492 553 644 616 Ecclesiae
659 553 801 628 indicere,
818 572 915 634 neque
931 554 1049 617 clericis
1072 553 1272 617 saecularibus

316 649 440 714 litteras
464 649 655 714 dimissorias
678 650 850 714 concedere.
874 649 1009 713 Adtende
1025 651 1129 714 tumen
1151 649 1189 714 ed
1211 668 1272 732 spe

317 747 408 812 ciclis
431 747 564 810 indulta.

362 846 437 908 561.
454 882 498 890 -
513 845 570 908 111.
595 843 744 923 Quemvis
767 845 930 928 episcopali
953 845 1129 909 charactere
1141 864 1198 910 non
1214 845 1275 909 sint

316 942 467 1026 insigniti,
481 944 585 1005 temon
609 941 795 1025 dignitatem
821 941 1026 1023 episcopalem
1050 942 1144 1005 etiem
1159 942 1276 1006 ratione

316 1038 438 1102 Ordinis
461 1039 637 1104 imitantur.
662 1039 819 1102 Nimirum
842 1038 935 1102 multi
959 1039 1097 1102 Praeleti
1112 1039 1274 1122 regulares,

316 1138 368 1218 qui
392 1139 465 1201 sunt
488 1139 519 1201 in
544 1138 715 1201 sacerdotio
739 1138 771 1200 et
787 1136 954 1201 solemnem
971 1138 1010 1200 ab
1028 1137 1176 1218 Episcopo
1191 1137 1277 1199 bene

314 1235 480 1299 dictionem
497 1236 689 1316 acceperunt,
706 1235 770 1298 suis
786 1235 919 1298 subditis
935 1235 1130 1317 regularibus
1146 1235 1276 1298 minores

314 1333 442 1397 Ordines
465 1333 635 1410 conferunt,
660 1333 843 1396 benedicunt
858 1332 1048 1408 solemniter,
1065 1333 1190 1416 gestant
1206 1331 1277 1394 insi·

314 1431 386 1513 gnie
411 1431 597 1512 episcopalia
621 1430 828 1514 (Huguenin).
1353 1431 1355 1440 ⁴

631 1628 788 1693 REQUIES
808 1627 963 1681 ANIMAE.

357 1775 490 1838 Mrnrsnr
514 1791 632 1839 cocum.
656 1775 824 1837 Munmest
840 1797 857 1831 «
873 1773 1000 1838 Praeses
1024 1775 1143 1850 nostra,
1160 1773 1277 1836 racione
1353 1771 1355 1842 i

312 1891 388 1936 succ
399 1873 586 1946 succiditis,
598 1871 795 1951 sonoritatis
807 1870 1277 1950 eminentissimaemodumque

313 1987 434 2034 omnem
459 1970 634 2051 superantis
658 1971 788 2032 naturae
805 1995 822 2027 >›
850 1969 894 2050 (S.
920 1967 1092 2050 German).

357 2066 489 2130 Mnuruu
513 2083 634 2130 mucor.
652 2066 719 2130 Avn
740 2091 756 2123 ‹<
774 2067 960 2148 praesidium
974 2065 1113 2129 fidelium
1130 2066 1276 2138 omnium,

313 2165 420 2246 quiin
444 2163 594 2246 profundo
618 2165 774 2227 malorum
797 2166 829 2227 eh
855 2164 1096 2228 tribuistionum
1127 2163 1275 2226 fluctuoso

311 2262 391 2326 mari
415 2280 535 2344 semper
558 2261 774 2343 periclitantur
789 2286 807 2319 »
835 2260 879 2342 (S.
905 2261 990 2324 [can.
1015 2261 1189 2344 Damam).
1213 2261 1276 2324 Aru

311 2360 380 2440 post
405 2357 576 2434 Christum,
606 2383 622 2416 «
639 2360 708 2422 tota
732 2359 813 2422 ratio
837 2359 901 2441 spei
918 2377 1005 2422 meae
1021 2383 1038 2416 »
1059 2357 1104 2440 (S.
1117 2358 1235 2442 Rern).

355 2456 489 2519 Munium
514 2473 681 2520 nnnrrrrcu.
712 2453 897 2520 omnimoda
920 2476 956 2519 ac
978 2456 1077 2536 filiali
1106 2457 1221 2521 fiducie
1248 2455 1275 2517 in

310 2552 380 2628 ille,
410 2571 470 2632 que
506 2554 618 2616 merito
653 2553 768 2616 dicitur
791 2553 906 2616 Mrrnn
929 2571 1064 2618 SANCTAE
1090 2572 1168 2632 spur,
1205 2553 1275 2617 Snus

310 2666 438 2724 nosrnu,
448 2648 524 2713 Snus
537 2667 637 2712 uuum
651 2647 695 2732 (S.
706 2650 791 2714 Ioan.
807 2652 923 2732 Dum).
937 2649 1014 2714 Snus
1032 2665 1275 2716 nnsnnnurouuu
1351 2681 1352 2692 κ

310 2746 391 2830 (id),
404 2745 480 2810 spus
496 2764 614 2809 nosrnn
631 2763 764 2810 srunrms
780 2765 818 2810 nr
834 2765 931 2810 rmus
943 2747 1025 2832 (id),
1044 2748 1121 2812 spus
1145 2761 1273 2813 nouum

310 2843 355 2926 (S.
381 2845 523 2926 Bonan),
549 2843 624 2908 Scns
649 2861 872 2908 nnsonrronuu
897 2845 1002 2926 (Dion.
1028 2845 1202 2932 Caribus),
1227 2843 1274 2906 de-

310 2944 401 3024 nique
425 2941 501 3006 Snus
524 2958 703 3005 nunrrssrus
726 2959 873 3010 nunonuu
898 2959 999 3006 nunni
1023 2943 1124 3024 (Ioan.
1149 2963 1169 3006 a
1194 2943 1273 3006 Iesu·

309 3039 435 3122 Morio).
459 3075 504 3082 —
527 3037 608 3100 Foru
631 3037 760 3099 Merme
784 3039 957 3101 imitatores
980 3040 1080 3104 eico...
