2818 4276
259 245 385 291 υ,1Ρ.111.
411 245 689 291 ΠΕΗΕΙ1ΑΤ111ΝΙΒΠ11
708 244 789 290 EGCL.
808 245 881 290 l‘l'll.
900 247 961 288 Sttt'.
980 245 1036 288 t'll'.
1098 241 1133 292 93

276 341 286 346 -
299 342 307 346 .
315 339 379 346 -..α-
384 337 658 346 ι--μ--ι--ἣ--ψο-
847 337 909 342 ..-
915 335 1064 342 .-..—...-.—

162 447 311 527 bonaque
335 444 487 508 Ecclesiae
511 445 674 526 rapientes.
699 443 884 508 Proditores
913 459 982 505 uero
1007 441 1058 522 qui
1083 459 1135 522 per

164 563 213 619 se,
238 541 287 606 vel
309 559 363 623 per
386 541 464 604 alios
487 541 592 616 armis,
618 541 763 624 pecuniis,
788 539 919 620 aliisque
950 539 1050 610 rebus,
1088 537 1136 600 uel

163 639 310 714 consilio,
323 637 372 702 vel
394 638 517 721 ingenio
534 637 735 703 heterodoxos
766 639 822 700 aut
836 655 974 720 paganos
991 635 1137 717 opitulati

165 736 288 802 iruerint
310 735 342 798 in
364 735 445 798 bello
469 733 509 798 ad
532 735 702 799 catholicae
718 733 876 816 religionis
892 733 1050 799 damnum.
1063 751 1138 795 ana-

169 833 309 900 themati
326 832 532 896 subiiciuntur
560 831 675 914 (Deor.
694 833 746 895 lio.
773 832 851 894 Vde
866 831 937 894 Iud
956 835 985 894 et
1000 831 1137 909 Scurrae).

221 933 296 994 286.
309 967 353 976 -
369 930 424 993 IV.
440 929 584 994 Ecclesia
607 930 758 994 collection
782 951 889 1010 repom
906 934 935 992 et
951 928 1139 1008 populorum

170 1029 322 1104 maiorm,
347 1030 441 1108 atque
464 1029 495 1090 in
511 1028 550 1091 iis
566 1029 759 1112 singulorum
776 1027 936 1092 hominum
953 1027 1052 1090 omnis
1068 1043 1140 1088 con·

172 1127 313 1202 ditionis,
338 1126 496 1208 religione,
522 1130 586 1187 tom
608 1128 682 1188 duro
706 1130 817 1200 teretur,
844 1130 907 1187 tum
930 1123 1036 1204 officio
1056 1123 1142 1185 docet

171 1245 214 1287 ao
222 1225 395 1304 proecepit·
408 1223 454 1286 ita
465 1223 587 1306 legibus
599 1223 743 1286 humanis
755 1223 892 1286 sanctius
906 1221 1140 1284 tundamentum

175 1322 308 1404 penitet
325 1320 493 1384 fideliorem
505 1321 649 1384 conciliat
666 1321 882 1384 obedientiam.
901 1319 1059 1383 catholiea
1074 1319 1142 1381 doc-

174 1420 260 1483 trina
276 1438 337 1482 non
361 1417 461 1482 solum
484 1417 638 1482 humanae
655 1419 812 1482 societatis
828 1419 907 1482 bono
924 1419 955 1480 et
972 1415 1141 1479 commodis

175 1537 240 1581 non
263 1516 455 1590 adversatur,
481 1515 533 1580 sed
556 1535 592 1579 ea
616 1518 776 1598 promovet
792 1517 896 1597 eisque
909 1515 1034 1597 praebet
1050 1515 1143 1578 incre·

175 1615 319 1678 mentum
332 1613 421 1695 (Pius
432 1613 477 1676 IX
498 1613 529 1676 in
552 1613 692 1696 pluribus
712 1614 872 1697 encyclicis
891 1615 922 1676 et
942 1613 1057 1693 alloc.).
1082 1611 1143 1673 Le-

178 1713 301 1792 pitimo's
324 1712 407 1774 caim
423 1710 624 1790 prioco'pibem
654 1711 860 1773 oooooumm
892 1711 1066 1772 (detrecto-re
1084 1709 1143 1770 inno

179 1812 210 1872 et
223 1807 373 1872 rebellent
384 1807 535 1871 catholico
547 1807 689 1871 Ecclesia
704 1811 794 1876 cetat:
808 1811 839 1872 et
851 1807 1029 1872 huiusmodi
1042 1807 1145 1870 cfiera·

178 1909 231 1972 tae
247 1907 406 1970 doctrinae
418 1906 586 1990 magistros
598 1907 797 1969 anathemate
807 1906 967 1970 damnavit
993 1905 1143 1986 (Piusllt

182 2005 294 2089 Encyc.
323 2004 386 2083 Qut
403 2003 579 2086 pluribus).

235 2103 310 2168 287.
328 2141 372 2149 —
387 2103 537 2170 libertas
553 2101 797 2170 catholicorum.
815 2141 859 2150 —
882 2104 906 2165 l.
924 2102 993 2166 Non
1016 2103 1146 2184 possunt

182 2203 369 2286 reipublicae
389 2201 536 2272 ¹infideles
571 2201 620 2265 vel
650 2202 796 2266 haeretici
821 2202 975 2284 praesides
999 2200 1146 2281 impedire

184 2302 350 2384 quominus
373 2302 500 2365 verbum
517 2301 573 2364 Dei
596 2301 799 2382 praedicetur,
824 2303 855 2364 ct
879 2299 983 2362 fideles
1000 2298 1148 2362 Christia-

184 2421 258 2465 nam
282 2400 462 2483 religionem
486 2399 699 2481 profiteantur.

232 2499 307 2561 288.
316 2497 410 2558 -ΙΙ,
419 2496 483 2560 Nec
494 2497 641 2580 impedire
653 2499 792 2578 possunt,
807 2499 971 2579 quominus
983 2497 1149 2560 Antistites

186 2597 218 2661 ct
231 2595 336 2658 fideles
352 2595 543 2677 populicum
561 2595 700 2658 Romano
713 2595 862 2658 Pontifice
878 2595 971 2658 libere
988 2615 1022 2658 ac
1039 2597 1149 2658 mutuno

186 2693 424 2758 communicent.

235 2789 428 2854 ase-111.
444 2791 521 2853 Iure
544 2794 687 2865 emturoe,
705 2809 765 2854 non
779 2793 883 2872 potest
906 2791 1000 2855 homo
1019 2791 1151 2873 obligari

187 2889 229 2953 ad
251 2889 322 2952 falsi
345 2887 403 2951 Dei
418 2887 522 2952 cultus
538 2889 726 2963 exercitium,
752 2890 804 2953 sed
820 2890 897 2953 liber
912 2889 1045 2971 relinqui
1061 2889 1152 2952 debet

187 2985 229 3050 ad
252 2986 415 3050 veritatem
439 2985 656 3067 capessendam
679 2989 710 3050 et
733 2988 913 3071 religionem
938 3005 1043 3049 veram
1059 2986 1152 3068 profi-

188 3083 315 3148 tendam
339 3081 415 3166 (Ofr.
439 3083 501 3146 All.
527 3083 576 3147 Pii
599 3084 644 3146 IX
667 3085 818 3147 Maronea
842 3085 991 3166 quidem).
1266 3141 1268 3146 .

235 3174 425 3245 eoos-IV.
440 3181 532 3245 oniti
544 3183 694 3263 potestati
707 3183 745 3246 ab
764 3183 880 3246 infideli
891 3183 1062 3264 imperante
1075 3201 1155 3246 erer-

187 3281 313 3355 citatae,
337 3279 497 3344 ueletiam
516 3299 535 3344 a
551 3279 644 3355 fideli,
662 3300 721 3344 non
738 3281 887 3362 competit
903 3279 1051 3344 indirecta
1067 3282 1155 3363 pote·

189 3379 256 3442 stas
278 3378 424 3461 negativa
448 3379 479 3442 in
503 3397 599 3452 sacra,
624 3397 679 3442 nec
702 3379 828 3460 proinde
852 3379 911 3455 ius,
930 3379 1011 3460 quod
1026 3380 1156 3443 vocatur

194 3481 375 3557 coequatur,
412 3477 462 3541 vel
484 3477 533 3540 ius
554 3475 786 3559 ¹appellatione,
823 3477 871 3540 vel
893 3477 933 3540 ab
956 3478 1056 3542 obtusa
1080 3477 1155 3560 (on.

193 3572 243 3637 lit.
259 3574 317 3656 Ap.
338 3574 393 3637 Ad
405 3573 614 3654 Apostolicoe,
633 3575 674 3636 22
692 3593 764 3658 aug.
785 3575 895 3659 1851).

241 3673 314 3734 291.
339 3709 383 3716 —-
406 3671 444 3733 V.
462 3671 499 3736 So'
508 3672 657 3751 princeps
681 3671 852 3736 leomodicas
875 3675 1001 3737 oooodet
1026 3677 1159 3740 ,subditos
