2856 4276
294 251 329 305 36
656 254 886 300 Paonuaomnna

295 347 453 352 -.-.----
467 347 615 352 -—------
847 347 1263 356 -m———ffi

293 450 383 524 Daci,
408 449 504 513 Parni
520 452 551 513 et
570 449 785 514 Lnorsmroar.
811 450 891 534 llrgo
915 450 981 514 sola
994 450 1164 514 auctoritas
1187 470 1270 534 apo·

293 548 403 612 stolica
426 549 593 629 requiritur
617 549 648 612 et
661 548 776 612 sufficit
792 548 832 611 ad
848 549 1038 612 sanctionem
1050 549 1154 632 legum
1169 551 1200 613 et
1212 569 1270 614 ca·

293 665 409 710 nonum
425 645 587 710 Ecclesiae.
605 645 692 710 Unde
706 645 796 710 Cone.
811 645 1009 723 Vaticanum,
1019 645 1124 711 Const.
1139 645 1269 711 Pastor

293 749 429 806 cateruas
463 763 528 825 cap.
554 744 585 819 3,
617 745 896 808 anathematizavit
920 744 1072 808 dicentes:
1102 769 1120 802 «
1146 745 1269 810 Roma-

291 860 368 904 num
391 841 570 906 Pontificem
605 842 718 906 habere
749 841 968 906 tantummodo
993 841 1130 906 officium
1161 843 1268 926 inspe-

294 1082 496 1150 aequalitatem
517 1082 554 1137 sit
572 1100 699 1152 gressus:
733 1081 799 1135 hinc
817 1082 860 1136 ius
881 1082 997 1136 dominii
1029 1083 1193 1147 delendum:
1228 1089 1264 1139 et

293 1173 430 1240 quidquid
445 1171 622 1226 fortunarum
638 1176 681 1226 est
695 1171 821 1240 siugulis,
835 1171 954 1240 ipsaque
967 1171 1156 1226 instrumenta
1171 1173 1262 1241 vitae,

294 1262 453 1317 communia
472 1263 610 1316 habenda.
631 1264 669 1316 At
688 1279 753 1316 vero
782 1263 956 1316 democratia
982 1262 1145 1330 christiana,
1166 1281 1198 1318 eo
1218 1265 1262 1317 ui-

292 1352 394 1406 mirum
414 1353 488 1421 quod
507 1353 662 1406 christiana
682 1352 862 1419 dicitur,'suo
883 1352 972 1406 veluti
997 1352 1191 1414 fundamento,
1212 1372 1262 1422 po·

294 1443 356 1498 sitis
376 1461 393 1497 a
411 1443 509 1497 divina
527 1444 581 1496 fide
602 1442 748 1512 principiis
770 1443 824 1497 niti
843 1443 934 1507 debet,
955 1443 1114 1498 infimorum
1134 1443 1174 1497 sic
1196 1463 1262 1512 pro-

293 1531 414 1600 spiciens
446 1531 627 1598 utilitatibus,
647 1535 679 1586 ut
698 1532 806 1585 animos
827 1529 863 1584 ad
883 1531 1056 1598 sempiterna
1084 1532 1176 1586 factos
1193 1550 1260 1588 con·

295 1621 440 1675 venienter
468 1622 604 1690 perficiat.
626 1621 744 1675 Proinde
767 1620 840 1674 nihil
859 1621 896 1674 sit
914 1620 957 1673 illi
978 1621 1089 1682 iustitia
1116 1623 1259 1688 sanctius;

292 1709 335 1762 ius
367 1710 496 1778 potiundi
524 1709 686 1778 possidendi
718 1710 815 1764 iubeat
845 1727 905 1764 esse
936 1709 1093 1780 integrum3
1128 1711 1259 1779 dispares

292 1802 407 1853 tueatur
425 1800 544 1864 ordines,
566 1817 633 1853 sanc
661 1799 788 1867 proprios
817 1800 888 1854 bene
915 1801 1087 1854 constitutae
1113 1801 1258 1866 civitatis;

293 1903 355 1940 eam
374 1886 486 1940 demum
505 1887 628 1940 humano
648 1886 789 1941 convictui
807 1886 878 1940 velit
896 1885 1017 1940 formam
1032 1891 1117 1954 atque
1130 1886 1256 1942 indolem

291 1991 360 2040 esse,
381 1975 493 2042 qualem
506 1975 579 2028 Deus
598 1978 696 2028 auctor
714 1974 825 2028 indidit.
846 1975 946 2042 Liquet
965 1975 1053 2044 igitur
1072 1976 1258 2032 democratiae

290 2064 402 2116 socialis
414 2065 443 2116 et
455 2063 625 2117 romatianae
644 2062 867 2116 communionem
880 2080 940 2116 esse
954 2063 1075 2116 nullam:
1090 2081 1139 2118 eae
1152 2081 1257 2134 nempe

291 2151 366 2205 inter
385 2168 414 2205 se
433 2150 567 2205 differunt
586 2154 706 2216 tantum,
727 2155 863 2218 quantum
883 2151 1036 2206 socialismi
1055 2157 1133 2206 secta
1152 2157 1181 2207 et
1195 2171 1257 2221 pro·

291 2239 377 2294 fessio
397 2240 567 2294 christianae
586 2239 666 2308 legis.

337 2327 455 2383 “Nefas
475 2332 569 2382 autem
584 2329 622 2382 sit
641 2328 813 2383 christianae
833 2329 1023 2383 democratiae
1043 2329 1254 2398 appelationem

291 2420 326 2472 ad
346 2419 463 2486 politica
483 2417 651 2486 detorqueri.
673 2418 849 2486 Quamquam
863 2418 936 2472 enim
957 2419 1132 2483 democratia,
1144 2437 1177 2474 ex
1191 2420 1255 2488 ipsa

290 2507 436 2562 notatione
455 2507 577 2561 nominis
597 2523 703 2574 usuque
732 2507 970 2574 philosophorum,
990 2508 1118 2577 regimen
1146 2509 1255 2565 indicat

290 2597 439 2665 populare3
461 2599 588 2650 attamen
607 2596 636 2648 iu
661 2613 691 2650 re
723 2596 848 2664 presenti
879 2597 918 2650 sic
951 2598 1114 2664 usurpanda
1142 2602 1193 2666 est,
1214 2603 1253 2661 ut,

290 2686 367 2742 omni
395 2686 512 2754 politica
539 2685 654 2740 notione
685 2686 822 2754 detracta,
853 2687 930 2740 aliud
958 2687 1029 2740 nihil
1063 2687 1254 2755 significatum

289 2774 443 2844 praeferat,
464 2773 518 2826 nisi
538 2773 611 2827 hanc
630 2774 722 2842 ipsam
740 2775 895 2828 beneficam
909 2775 936 2826 in
959 2775 1092 2841 populum
1112 2775 1253 2830 actionem

289 2863 480 2918 christianam.
514 2863 588 2916 Nam
620 2866 740 2918 naturae
769 2868 797 2918 et
829 2863 971 2933 evangelii
1002 2867 1155 2932 praecepta
1186 2865 1254 2932 quia

289 2958 388 3023 suopte
402 2954 460 3007 iure
474 2954 611 3008 humanos
631 2970 712 3008 casus
733 2954 879 3021 excedunt,
895 2971 928 3008 ea
942 2971 1056 3008 necesse
1069 2958 1113 3008 est
1127 2971 1161 3008 ex
1174 2956 1254 3010 nullo

288 3044 379 3097 civilis
408 3043 554 3113 regiminis
573 3043 655 3098 modo
674 3043 812 3112 pondera
832 3043 880 3097 sed
899 3044 1050 3098 convenire
1069 3060 1132 3097 curn
1153 3045 1254 3112 quovis

288 3151 378 3201 posse,
398 3134 480 3187 modo
500 3149 535 3186 ue
554 3133 698 3187 honestati
718 3135 746 3187 et
764 3131 891 3186 iustitiae
921 3136 1068 3202 repugnet.
1090 3131 1162 3187 Sunt
1190 3133 1255 3201 ipsa

288 3223 376 3293 igitur
404 3225 578 3289 manentque
607 3239 624 3275 a
653 3221 776 3289 partium
805 3221 905 3275 studiis
933 3220 1076 3289 variisque
1104 3221 1253 3276 eventibus

288 3311 372 3380 plane
392 3310 498 3363 aliena:
518 3313 551 3362 ut
569 3309 599 3362 in
620 3309 747 3376 qualibet
766 3309 877 3363 demum
896 3308 937 3362 rei
956 3308 1087 3376 publicae
1117 3309 1254 3363 constitu·

287 3399 373 3459 tione,
393 3398 503 3466 possint
531 3397 606 3451 cives
636 3414 669 3450 ac
697 3397 820 3452 debeant
849 3397 949 3451 iisdem
978 3399 1054 3451 stare
1085 3397 1255 3466 praeceptis,

288 3489 387 3556 quibus
407 3487 540 3541 iubentur
559 3486 647 3541 Deum
669 3503 752 3554 super
771 3486 874 3553 omnia,
892 3486 1033 3554 proximos
1053 3485 1126 3541 sicut
1141 3503 1171 3542 se
1190 3487 1253 3540 dili·

286 3594 361 3647 gere.
381 3576 458 3630 Haec
478 3580 615 3644 perpetua
643 3575 787 3630 Ecclesiae
816 3575 968 3644 disciplina
986 3575 1055 3639 fuit;
1075 3577 1129 3630 hac
1148 3575 1191 3629 usi
1210 3593 1253 3630 ro·

287 3665 364 3718 mani
384 3665 534 3719 Pontifices
554 3681 617 3718 cum
637 3664 801 3720 civitatibus
830 3681 912 3733 egere
938 3680 1057 3732 semper,
1078 3681 1255 3733 quocumque
