2750 4270
322 239 388 286 CAP.
412 239 433 284 1.
457 239 497 286 DE
521 239 689 286 attellana
713 240 746 286 IN
769 241 892 287 subeas
1037 238 1085 292 197

112 455 200 512 assa
233 439 337 520 potest
370 437 485 502 nedum
508 437 572 514 uni,
598 437 650 502 sed
674 439 706 502 et
729 437 869 520 pluribus
891 438 1086 502 committere

113 536 199 600 vices
223 555 306 612 suas,
331 535 405 599 dum
430 537 535 600 temen
560 554 668 600 eorum
691 535 818 598 cuilibet
841 534 1017 600 insolidum
1034 534 1087 600 det

112 635 318 716 potestatem.
342 633 419 717 (oo.
450 632 535 698 seat.
560 633 655 698 Decr.
681 632 1084 710 itt.1,deElect.,to.V1,

110 751 183 811 cap.
211 730 279 817 46).
701 793 705 800 .

160 831 239 893 568.
265 867 308 878 -
331 831 409 894 Rae.
433 829 503 894 IV·.
524 829 703 894 Electioaes
729 834 831 893 tameo
855 847 1084 894 ociunasruuin

112 928 339 1010 reprobantur:
364 929 427 992 imo
452 928 560 992 electio
586 929 670 992 facta
694 928 876 1008 quamcito
907 928 1086 992 solemniter

112 1027 293 1108 publicetur
317 1025 437 1112 (luis).

162 1123 239 1186 569.
256 1159 300 1168 -
324 1124 402 1188 Rus.
421 1122 473 1186 V·.
492 1121 653 1188 cmsrrm
681 1139 805 1188 susorro
826 1123 933 1204 partis
956 1124 1086 1187 maioris

114 1219 202 1298 faeta
225 1223 398 1301 contempta
421 1221 538 1284 minori
555 1224 658 1301 parte,
687 1221 781 1283 etiam
808 1222 838 1284 si
857 1225 903 1284 est
921 1240 1013 1293 coos,
1031 1221 1086 1300 qai

116 1319 453 1394 consummassem
477 1317 586 1382 electio
609 1319 693 1382 facta
717 1319 811 1382 fuerit
834 1319 997 1383 temerario
1013 1319 1085 1381 ante

11 1475 12 1480 ,
116 1417 250 1480 mortem
282 1417 442 1498 Episcopi3
473 1434 533 1480 non
558 1417 662 1480 tamen
686 1416 735 1480 ius
759 1415 891 1499 eligendi
923 1415 1086 1478 deducitur

115 1513 155 1577 ad
179 1515 331 1578 minorem
355 1515 410 1595 (ib.
434 1534 501 1596 cap.
526 1515 593 1595 36).

160 1614 236 1698 570.
250 1651 295 1660 -
307 1615 385 1678 Res.
399 1613 468 1676 Vl⁸.
482 1613 602 1678 Etecta'o
618 1614 767 1677 canonica
783 1617 838 1687 cst,
857 1616 886 1676 et
899 1613 1085 1676 auctoritate

116 1711 300 1790 Apostotioa
334 1712 459 1774 (taeitos
493 1711 718 1790 confirmanda,
745 1714 775 1774 et
796 1709 943 1791 supplere
970 1711 1085 1790 poterit

116 1807 235 1872 &ncta
259 1809 352 1873 Sedes
374 1809 411 1872 de
430 1807 626 1889 plenitudine
649 1829 724 1872 suae
743 1809 906 1888 potestatis
930 1809 970 1890 (si
994 1808 1084 1872 itaci

116 1906 282 1990 placuerit)
317 1907 439 1989 quando
462 1907 492 1971 in
523 1926 560 1970 ea
583 1908 729 1971 electione
753 1911 784 1971 et
807 1907 902 1972 luent
937 1907 1084 1980 delectus,

10 2023 11 2026 ¹
114 2004 198 2084 quod
223 2005 351 2085 quidam
375 2004 582 2068 interfuerunt
605 2005 757 2078 electioni,
775 2005 828 2086 qui
845 2023 880 2068 ex
904 2005 970 2069 sola
987 2004 1084 2086 parti-

9 2117 10 2152 1
114 2100 270 2182 cipatione
294 2102 325 2166 in
349 2101 498 2184 simplicis
521 2102 847 2166 excommunicationis
870 2102 1016 2184 laqueum
1040 2101 1084 2164 in-

111 2200 256 2264 ciderunt
280 2201 334 2283 (ib.
359 2220 425 2282 cap.
450 2201 516 2282 39).

9 2305 11 2378 ζ
158 2299 235 2362 571.
249 2337 294 2345 -
309 2299 388 2363 Rus.
407 2297 491 2361 Vlla
509 2299 683 2362 Enrsnuras
703 2315 858 2362 mororum
873 2298 996 2378 pracati
1008 2302 1085 2361 suat

9 2453 11 2476 ᾗ
108 2400 262 2475 potestate
297 2395 441 2477 elipandi,
469 2396 504 2458 in
528 2395 674 2460 electione
698 2417 777 2476 quae
807 2397 912 2476 primo
949 2396 1083 2460 occurrit

9 2515 11 2558 ῑ
107 2492 269 2571 facienda.
284 2493 456 2574 (Decretal.
472 2493 524 2556 lib.
538 2493 563 2568 l,
577 2494 624 2555 tit.
639 2493 693 2568 Vl,
710 2493 746 2556 de
759 2493 919 2557 Postulat.
932 2513 998 2573 cop.
1013 2493 1081 2576 45).

9 2643 11 2670 ,
113 2589 250 2672 Elipeus
273 2598 376 2654 cutem
399 2592 531 2655 scienter
565 2592 729 2672 iadtpnum
758 2591 949 2672 Episcopum
972 2594 1019 2656 est
1043 2591 1081 2654 ob

112 2687 168 2752 hoo
193 2707 360 2770 suspensus
376 2707 394 2752 a
411 2689 564 2753 beneficiis
587 2689 803 2754 ecclesiasticis
827 2710 880 2772 per
904 2689 1080 2764 triennium,

113 2805 166 2850 nec
190 2788 296 2869 potest
322 2787 446 2850 interim
471 2786 510 2850 ad
535 2787 720 2870 dignitatem
745 2787 831 2850 illius
855 2787 930 2871 eligi
961 2785 1010 2850 vel
1033 2805 1082 2850 as-

111 2887 193 2948 sumi
221 2885 276 2969 (ib.
300 2905 367 2966 cap.
388 2885 454 2967 26).
484 2883 547 2963 Qui
563 2883 807 2962 postubatc'ooeoc
830 2889 986 2947 cassatam
1008 2883 1082 2945 vitto

9 2989 11 3066 ᾗ
110 3003 263 3060 personae
293 2983 431 3058 iaczooat,
456 2981 593 3061 elipeadc'
615 2985 645 3043 et
661 2981 849 3060 postulandi
869 2983 913 3044 sit
929 2983 1083 3060 potestate

9 3077 11 3178 ξ
105 3080 423 3162 provocassem.
450 3079 495 3161 2).

9 3181 11 3264 l
155 3178 231 3241 572.
256 3215 301 3224 —
324 3178 403 3240 lino.
420 3176 523 3240 Vilis.
540 3175 572 3240 Sr
595 3193 738 3241 iuremus
762 3193 930 3240 nnncrrcnu
953 3191 1084 3240 cassam.

112 3293 187 3339 inan
202 3293 245 3339 sn
268 3292 417 3338 susumus
441 3275 609 3339 Eoonusrnu
634 3293 776 3338 suorusu
800 3291 934 3338 suncrns
958 3289 1081 3347 souma,

111 3373 342 3448 attendendum,
360 3372 484 3454 quodsi
506 3373 589 3454 prior
613 3373 721 3460 electio
739 3391 799 3436 non
824 3372 902 3436 vitio
927 3389 1082 3454 personae,

111 3469 162 3532 ssd
196 3469 290 3534 modo
325 3469 486 3533 electionis
520 3469 672 3545 cassatur,
698 3469 924 3550 promotionem
962 3467 1082 3532 clusin

112 3567 216 3632 eadem
239 3567 387 3645 Ecclesia,
400 3567 460 3632 nisi
472 3567 551 3632 forte
568 3567 757 3630 simoniacae
780 3567 948 3649 prauitatis
964 3565 1083 3647 aliquid
