2758 4270
348 183 353 212 t

318 238 371 290 322
481 273 484 280 ·
596 239 770 287 mamitus
793 243 832 288 DE
856 242 1002 290 ressonis

316 440 426 521 pturae
441 439 553 502 iterum
570 439 639 502 iura
654 440 773 502 ratione
794 440 904 521 prioris
927 441 1125 522 professionis
1141 441 1271 523 quaesita

316 537 370 599 ubi
393 537 529 617 primum
553 537 627 599 vota
650 537 801 600 solemnia
816 539 848 600 et
871 538 956 619 ipsae
980 539 1149 602 emiserint.

362 635 437 696 939.
461 669 506 678 -
528 633 567 696 Χ.
592 635 657 698 Dos
679 653 734 715 pro
766 635 906 715 quolibet
938 638 1126 700 monasterio
1161 637 1271 700 statuta

315 731 465 796 tradenda
488 733 536 795 est
559 732 618 812 ipsi
641 734 829 797 monasterio
854 736 926 798 ante
953 725 1173 816 professionem
1198 736 1272 798 voto
1361 777 1362 782 κ

317 850 387 893 rum
410 830 609 911 simplicium.
1361 843 1362 854 ¹

361 928 436 990 940.
463 965 499 972 -
526 927 582 989 Xl.
599 927 759 992 meessae
783 930 929 993 votorum
944 931 1130 1012 simplicium
1149 929 1272 994 retinent

313 1025 451 1088 radicale
467 1045 596 1090 suorum
620 1025 770 1090 bonorum
795 1027 977 1104 dominium,
993 1028 1031 1092 de
1048 1048 1108 1110 quo
1125 1027 1271 1093 definitive

314 1124 472 1205 disponere
494 1143 555 1188 non
578 1125 736 1204 poterunt,
760 1125 819 1188 nisi
851 1125 934 1188 intra
965 1126 1043 1190 duos
1073 1146 1193 1190 menses
1214 1143 1272 1208 pro·

314 1222 395 1285 rime
411 1223 626 1305 praecedentes
649 1221 866 1303 professionem
891 1225 1071 1298 solemnem,
1084 1223 1124 1286 ad
1140 1242 1271 1287 normam

313 1319 344 1383 S.
369 1319 498 1384 Consilii
521 1319 704 1392 Tridentini,
727 1339 803 1382 3333.
824 1320 898 1384 XX
908 1321 943 1396 V,
964 1321 1001 1384 de
1019 1321 1134 1402 Repel.
1159 1327 1189 1384 et
1209 1320 1270 1384 Mo
1361 1307 1362 1374 j

312 1417 391 1480 3131.
415 1439 482 1496 cap.
507 1417 607 1482 XVI.
636 1453 673 1461 -
699 1416 831 1482 Omnino
855 1437 927 1482 vero
946 1419 1112 1482 interdicta
1134 1420 1209 1501 ipsis
1230 1419 1271 1482 est

312 1515 492 1580 eorumdem
523 1515 674 1578 bonorum
705 1514 947 1591 administratio,
970 1537 1025 1580 nee
1048 1537 1110 1580 non
1134 1534 1270 1598 quorum·

311 1633 444 1696 eumque
466 1613 645 1676 reddituum
673 1613 814 1694 erogatio
839 1615 933 1694 atque
956 1633 1042 1678 usus.
1067 1615 1187 1678 Debent
1209 1631 1270 1696 pro

312 1714 418 1793 pterea
441 1713 514 1775 aute
537 1709 757 1792 professionem
782 1713 928 1774 votorum
952 1713 1142 1794 simplicium
1166 1712 1269 1786 cedere,

312 1828 367 1890 pro
391 1810 529 1891 tempore
552 1827 613 1889 quo
638 1809 668 1870 in
692 1807 800 1871 eadem
827 1809 972 1873 votorum
1000 1811 1189 1894 simplicium
1210 1827 1270 1890 pro
1361 1837 1362 1848 ¹

310 1906 441 1970 fessione
464 1906 696 1988 permanserint,
721 1905 1031 1982 administrationem,
1048 1907 1268 1970 usumfructum

310 2006 342 2067 et
365 2024 456 2068 nsum
482 2005 593 2084 quibus
616 2003 660 2066 eis
684 2002 845 2083 placuerit,
862 2023 898 2066 ao
914 2005 1010 2067 etiam
1026 2023 1083 2068 suo
1100 2003 1207 2068 Ordini
1221 2021 1267 2067 seu

310 2104 509 2177 monasterio,
534 2104 686 2182 quatenus
710 2119 744 2163 er
767 2101 861 2164 huius
895 2103 983 2183 parte
1018 2103 1097 2166 nihil
1122 2103 1221 2166 obstet
1241 2102 1268 2163 et

310 2203 394 2280 ipsae
410 2201 500 2281 plena
518 2199 663 2262 libertate
679 2198 711 2260 id
728 2202 937 2279 opportunum
960 2201 1214 2264 existimaverint.
1230 2236 1267 2244 -

308 2296 398 2376 Quod
422 2299 448 2361 si
471 2298 603 2361 durante
637 2299 775 2377 tempore
810 2299 956 2361 votorum
991 2299 1178 2380 simplicium
1213 2297 1266 2361 alia

308 2395 389 2460 bona
424 2395 565 2479 legitimo
596 2395 690 2458 titulo
719 2396 763 2458 eis
794 2394 983 2469 obvenerint,
1008 2415 1117 2460 eornm
1153 2397 1265 2477 quidem

308 2493 479 2557 dominium
512 2493 645 2556 radicale
681 2493 856 2572 acquirunt,
888 2493 941 2556 sed
971 2493 1265 2557 administrationem

308 2591 536 2654 usumfructum
553 2591 585 2652 et
609 2609 701 2652 usum
724 2590 828 2652 cedere
853 2590 1085 2670 quamprimum
1110 2591 1217 2654 debent
1234 2589 1265 2650 ut

307 2707 411 2770 supra,
436 2689 558 2751 servata
588 2687 682 2750 etiam
714 2687 782 2771 lege
813 2706 873 2751 non
904 2679 1070 2752 abdicandi
1105 2688 1263 2752 dominium

308 2786 441 2849 radicale
464 2785 524 2848 nisi
547 2785 624 2848 duos
647 2803 766 2848 meuses
789 2786 944 2866 proximos
960 2787 1032 2849 ante
1055 2787 1263 2868 professionem

307 2885 487 2948 solemnem.
950 2942 952 2946 .

353 2982 428 3043 941.
452 3017 495 3025 -
519 2980 589 3042 XII.
615 2979 664 3042 Ad
695 2978 897 3043 dimittendas
920 2999 936 3043 e
967 2982 1157 3046 monasterio
1186 2998 1263 3062 prae·

305 3079 389 3142 fatas
413 3080 557 3142 votorum
581 3077 768 3158 simplicium
791 3077 955 3158 professas,
972 3079 1188 3142 recurrendum
1199 3077 1261 3152 erit,

307 3177 337 3239 in
361 3175 491 3260 singulis
515 3175 645 3249 casibus,
670 3174 710 3237 ad
733 3173 763 3238 S.
782 3173 900 3252 Sedem‚
925 3175 1070 3240 distincte
1095 3174 1261 3260 exponendo

303 3293 416 3357 graves
439 3291 558 3349 causas,
583 3290 661 3353 quae
684 3271 894 3335 dimissionem
922 3273 1050 3337 suadere
1075 3273 1261 3356 seu—exigere

243 3395 247 3404 ·
307 3371 480 3435 videantur.

351 3469 426 3530 942.
440 3505 483 3514 -
496 3467 582 3530 XIII.
601 3465 706 3530 Sorori
718 3465 871 3548 professae
883 3469 1029 3532 votorum
1049 3468 1259 3551 simpliciuma

303 3566 491 3629 monasterio
508 3563 675 3628 discedenti
699 3563 763 3626 sive
779 3564 816 3628 ob
841 3566 984 3628 votorum
1008 3564 1258 3648 dispensationem

302 3663 451 3724 aSancta
468 3661 543 3724 Sede
559 3660 738 3741 Apostoliea
754 3661 964 3742 impetratam,
978 3663 1043 3726 sive
1060 3663 1099 3728 ob
1112 3661 1257 3726 decretum
