2758 4270
313 247 367 301 284
594 250 767 298 cuicuinus
791 253 830 297 DE
854 250 999 300 Panaenus

315 447 355 512 ad
381 447 517 512 claustra
550 448 669 524 redirc3
702 449 789 513 salva
821 451 926 513 tamen
956 448 1174 514 consuetudine
1200 447 1262 530 legi-

316 545 395 608 tima
423 545 441 605 ¹.
1058 567 1061 572 ·

362 642 437 704 846.
462 681 505 688 —
522 643 579 706 ΙΙΙ.
598 642 853 707 Soeoulurr'aoius
873 644 992 725 iodipei
1006 643 1134 724 emeandi
1148 641 1262 716 roduin,

316 743 352 802 ni
369 740 406 802 de
423 740 511 804 bonis
527 741 690 820 disponere
701 742 811 820 possit,
829 741 908 822 Quia
928 767 945 800 «
961 743 1122 826 Religiosi,
1139 739 1263 824 quincta

316 837 466 902 solemnia
491 840 554 902 Deo
577 841 767 920 nuncupant,
789 841 903 904 emissa
927 840 1122 921 professione,
1146 836 1264 902 cuiusuis

317 937 444 1000 dominii
467 937 540 1000 sunt
562 936 733 1018 incapaces,
758 937 887 1018 ideoque
905 937 941 1001 de
965 937 1063 1013 bonis,
1089 955 1141 1001 nec
1163 936 1262 1018 perte·

316 1034 517 1109 stamentum,
542 1053 597 1096 nec
620 1033 682 1097 alio
700 1052 892 1114 quocumque
917 1034 1005 1098 modo
1030 1034 1186 1116 disponere
1206 1051 1263 1115 pos·

317 1131 400 1204 sunt,
425 1131 469 1194 ita
494 1133 530 1194 ut
553 1131 677 1194 etiamsi
694 1130 801 1194 deinde
818 1131 975 1195 indultum
992 1134 1156 1213 perpetuae
1178 1149 1264 1194 saecu·

318 1229 510 1293 larinationis
534 1249 551 1292 a
577 1228 607 1292 S.
632 1227 708 1292 Sede
732 1229 902 1304 obtineant,
927 1248 964 1292 ne
987 1228 1024 1292 de
1048 1230 1135 1293 bonis
1157 1227 1263 1309 quidem

318 1328 390 1408 post
413 1325 530 1390 dictum
554 1326 710 1390 indultum
736 1327 897 1407 acquisitis
914 1325 978 1390 sive
1001 1327 1083 1390 inter
1107 1327 1197 1402 vivos,
1211 1325 1264 1388 sive

318 1443 411 1487 causa
436 1424 555 1500 mortis,
580 1423 741 1505 disponere
757 1425 893 1501 ualeant,
910 1425 968 1488 nisi
985 1425 1148 1506 specialem
1170 1422 1264 1486 adhoc

318 1541 337 1584 a
362 1521 391 1584 S.
417 1521 492 1585 Sede
516 1521 678 1585 obtineant
701 1521 894 1596 facultatem,
925 1541 1003 1603 quae
1027 1523 1107 1586 solet
1136 1521 1221 1585 certis
1240 1519 1266 1582 et

318 1619 531 1684 determinatis
547 1619 776 1684 conditionibus
792 1621 825 1683 et
839 1620 970 1684 cautelis
994 1621 1145 1684 coarctari
1161 1645 1176 1677 »
1200 1615 1266 1702 (Bir-

320 1718 412 1800 aarri)
431 1714 452 1778 ².

317 1987 390 2040 Hinc
411 1987 437 2041 S.
458 1986 486 2040 C
507 1987 561 2040 Eli.
582 1991 611 2041 et
631 1987 699 2052 RR„
719 1987 753 2042 30
767 1988 855 2056 April.
875 1987 951 2052 1838,
964 1989 996 2042 in
1015 2005 1075 2041 aaa
1097 1985 1215 2042 Carseoli.
1228 1984 1265 2036 de·

318 2076 452 2130 claravit:
475 2077 484 2098 ‘¹
508 2077 735 2130 anterioritatem
755 2077 971 2146 Religiosorum‚
989 2077 1037 2144 qui
1057 2084 1207 2144 perpetuae
1218 2088 1267 2126 sae·

317 2165 527 2220 cularizationis
547 2163 713 2230 (indultum)
739 2165 907 2234 consequuti
921 2169 996 2228 sunt,
1017 2183 1034 2218 a
1064 2166 1110 2220 die
1130 2165 1227 2219 reditus
1244 2161 1265 2213 in

317 2255 495 2324 Religionem
514 2255 735 2323 computandam
749 2273 810 2310 esee
827 2297 847 2319 ‚.
863 2283 896 2291 -
913 2254 1033 2310 Constat
1048 2255 1058 2277 ⁴
1077 2254 1265 2309 Professionem

318 2345 480 2412 religiosam
500 2363 556 2398 non
577 2345 713 2398 infirmari
739 2363 789 2413 per
817 2345 974 2413 Rescripta,
994 2346 1029 2399 de
1058 2345 1160 2413 quibus
1187 2342 1266 2411 agitur

320 2431 432 2502 (nempe
452 2434 733 2498 saecularizationis)‚
760 2451 793 2487 ac
813 2435 930 2502 proinde
950 2452 1006 2488 non
1036 2434 1129 2489 teneri
1158 2431 1265 2486 indulta·

318 2522 374 2576 rios
394 2521 601 2576 Professionem
621 2526 650 2576 et
668 2523 849 2577 Novitiatum
877 2524 1021 2590 reiterare,
1042 2522 1154 2590 quando
1182 2519 1266 2588 petunt

319 2611 356 2665 ad
375 2610 506 2665 Claustra
524 2611 628 2676 redire3
650 2612 731 2665 salva
750 2615 847 2666 tamen
867 2612 1071 2667 consuetudine
1089 2611 1212 2682 legitime
1232 2607 1266 2659 in·

318 2703 457 2767 troducta,
472 2705 557 2770 atque
570 2701 748 2770 praescripta
761 2702 938 2771 singulorum
952 2701 1087 2756 Ordinum
1104 2700 1263 2772 regularium.

319 2791 403 2846 Posse
422 2795 519 2845 tamen
539 2807 588 2859 per
608 2791 771 2859 Superiores
791 2792 938 2861 religiosos
962 2793 1073 2860 exquiri
1091 2806 1211 2860 congrua
1226 2785 1264 2838 do·

320 2885 451 2935 cumenta
470 2884 619 2935 anteactae
640 2881 716 2935 vitae
736 2886 765 2936 et
785 2899 902 2946 morum,
924 2883 1039 2936 durnin
1060 2881 1169 2937 saeculo
1186 2890 1265 2931 versa·

319 2970 431 3026 bantur,
445 2972 474 3022 et
486 2969 608 3038 obligari
622 2969 658 3022 ad
669 2969 830 3037 spiritualia
840 2969 975 3024 exercitia
990 2970 1153 3039 peragenda
1168 3008 1177 3032 „
1192 2963 1226 3029 (S.
1240 2957 1263 3014 0·

321 3059 386 3112 nn.
408 3067 433 3114 a
450 3059 523 3117 aa,
542 3063 578 3112 eo
597 3047 668 3112 roo}
686 3059 777 3122 rear).

368 3149 463 3205 1Pius
484 3151 530 3215 IX,
552 3151 596 3204 die
616 3152 649 3204 27
677 3151 798 3220 Augusti
828 3151 904 3214 1852,
925 3151 1083 3206 declaravit
1104 3151 1114 3173 “
1132 3147 1263 3218 Regulares

321 3241 408 3296 etiam
428 3241 464 3294 ad
483 3246 595 3308 tempus
615 3241 832 3296 saecularizatos
852 3241 953 3295 debere
967 3241 1182 3308 exomologesim
1199 3249 1261 3289 suam

322 3331 416 3384 facere
436 3313 530 3398 penes·
545 3329 732 3384 confessarios
762 3331 934 3398 approbatos
954 3330 990 3383 ab
1009 3329 1156 3384 Ordinatio
1182 3323 1262 3380 roua

322 3421 422 3490 quibus
442 3407 575 3488 poter'unt
594 3420 704 3474 absolvi
725 3421 811 3476 etiam
840 3437 857 3472 a
876 3419 1001 3474 censuris
1022 3423 1050 3474 et
1070 3420 1176 3473 casibus
1193 3427 1262 3467 reser-

321 3514 396 3567 vatis
416 3513 445 3566 in
465 3511 577 3576 Ordine,
598 3512 619 3565 si
640 3511 671 3565 in
684 3511 805 3566 dioecesi
818 3515 962 3566 reservata
975 3511 1091 3565 minime
1111 3511 1188 3572 sint„
1203 3501 1263 3564 (Bir-

323 3601 414 3670 carri).

367 3688 473 3744 ²Bona
493 3709 508 3742 a
530 3691 761 3744 Saecunanrzerrr
788 3709 909 3744 aaaron.
930 3717 962 3726 -
983 3689 1012 3750 a)
1044 3689 1054 3710 “
1080 3690 1103 3742 1.
1131 3679 1261 3742 Monachus
