2818 4276
315 244 365 299 102
543 251 648 298 TRACT.
673 253 712 298 DE
735 253 809 300 IURE
833 253 922 298 PUBL.
946 253 979 298 IN
1003 251 1074 298 GEN.

312 449 506 532 propositum
531 453 577 512 ost
609 469 712 514 rerum
748 450 930 515 mortalium
962 469 1069 513 curare
1104 447 1288 523 commoda,

311 547 401 611 alteri
425 546 570 610 coelestia
593 567 629 610 ao
652 549 838 630 sempiterna
861 548 941 612 bona
965 565 1154 628 comparare.
1187 543 1290 623 Quid-

312 645 385 726 quid
409 644 507 728 igitur
530 645 577 708 est
600 646 632 708 in
656 646 746 709 rebus
776 645 921 709 humanis
952 663 1076 726 quoquo
1109 642 1201 707 modo
1237 661 1290 706 sa-

310 762 407 818 crum,
433 742 582 823 quidquid
605 743 644 806 ad
669 744 802 807 salutem
826 743 1001 807 animarum
1025 743 1187 805 cultumve
1224 741 1287 804 Dei

310 841 454 924 pertinet,
478 841 542 904 sive
566 838 629 904 tale
651 841 730 904 illud
753 841 795 904 sit
822 842 935 904 natura
971 859 1038 914 sua,
1073 839 1137 902 sive
1172 856 1290 901 rursus

310 939 373 1003 tale
396 938 593 1022 intelligatur
615 939 739 1021 propter
762 957 888 1001 causam
912 937 951 1006 ad
976 957 1069 1018 quam
1086 938 1233 1011 refertur,
1254 934 1288 998 id

310 1038 358 1101 est
381 1055 470 1100 omne
487 1031 525 1098 in
548 1037 704 1118 potestate
734 1037 924 1117 arbitrioque
954 1035 1123 1100 Ecclesiae:
1157 1035 1289 1098 caetera

310 1152 391 1209 vero,
416 1153 495 1215 quae
518 1135 607 1197 ciuile
631 1134 662 1197 et
685 1134 843 1215 politicum
868 1153 965 1217 genus
989 1132 1220 1216 complectitur,
1240 1150 1291 1195 re-

309 1233 394 1295 ctum
420 1232 467 1295 est
490 1231 574 1294 civili
597 1232 779 1296 auctoritati
802 1251 867 1295 esse
898 1231 1047 1306 subiecta,
1083 1251 1154 1294 oum
1193 1231 1289 1294 Iesus

310 1326 452 1392 Christus
468 1329 600 1404 iusserit,
615 1347 693 1410 quae
709 1327 849 1392 Caesaris
861 1329 934 1404 siut,
947 1327 1032 1391 reddi
1046 1326 1184 1402 Caesari,
1202 1346 1290 1408 quae

309 1425 377 1502 Dei,
391 1426 466 1490 Deo.
484 1425 558 1506 (Leo
574 1426 661 1488 Xlll.
675 1425 747 1488 Enc.
761 1425 942 1489 Immortole
953 1425 1019 1489 Deo‘
1032 1427 1046 1487 1
1067 1424 1148 1489 Nov.
1168 1425 1289 1507 1885).

354 1524 429 1586 325.
455 1558 497 1570 -
525 1547 542 1581 c
565 1523 651 1586 luter
675 1525 839 1604 utramque
855 1524 1042 1604 potestatem
1059 1523 1216 1604 quaedam
1234 1524 1288 1586 in·

310 1621 447 1684 tercedat
470 1638 589 1684 necesse
613 1621 660 1684 est
684 1621 825 1684 ordinata
849 1621 1031 1704 colligatio:
1057 1639 1137 1701 quae
1154 1620 1287 1702 quidem

309 1717 518 1782 coniunctioni
530 1736 590 1780 non
604 1717 758 1781 immerito
771 1718 979 1798 comparatur,
992 1737 1047 1799 per
1061 1736 1157 1798 quam
1174 1717 1289 1781 anima

309 1816 341 1878 et
364 1831 474 1895 corpus
497 1813 529 1876 in
551 1814 675 1877 homino
698 1814 883 1896 copulantur
906 1838 937 1876 ».
963 1813 1082 1896 (ibit).
1106 1813 1213 1898 Igitur
1226 1833 1287 1879 vo·

307 1911 369 1976 luit
392 1909 544 1988 Christus,
568 1912 605 1973 ut
632 1935 648 1968 o
672 1912 703 1974 in
726 1911 825 1991 iisque
849 1913 940 1976 rebus
965 1931 1044 1992 quae
1068 1913 1141 1986 sint,
1156 1911 1288 1976 diversa

309 2010 381 2073 licet
404 2008 534 2084 ratione,
558 2009 730 2071 communis
756 2009 834 2072 iuris
865 2011 896 2072 et
930 2009 1048 2084 iudicii,
1085 2009 1197 2084 altera,
1231 2010 1288 2074 cui

308 2107 381 2171 sunt
404 2107 540 2169 humana
564 2105 691 2180 tradita,
728 2107 897 2187 opportune
930 2107 962 2169 et
996 2109 1206 2189 congruenter
1243 2109 1288 2172 ab

308 2205 407 2269 altera
430 2203 584 2285 penderet,
609 2203 659 2266 cui
682 2203 755 2266 sunt
778 2203 923 2267 coelestia
947 2203 1133 2268 concredita¹
1162 2205 1290 2270 Huius

306 2301 392 2364 modi
415 2300 521 2363 autem
537 2299 756 2380 compositione
772 2318 808 2362 ae
823 2300 884 2364 fere
900 2300 1073 2375 harmonia,
1091 2319 1154 2365 non
1175 2303 1286 2367 solum

307 2399 470 2478 utriusque
493 2397 658 2477 potestatis
675 2397 792 2478 optima
808 2397 889 2460 ratio
906 2397 1092 2475 continetur,
1110 2399 1164 2462 sed
1182 2400 1286 2464 etiam

308 2493 587 2576 opportunissimus
611 2494 704 2573 atque
739 2493 971 2558 efficacissimus
1006 2495 1117 2559 modus
1148 2497 1286 2562 iuvandi

307 2591 468 2655 hominum
492 2608 589 2672 genus
612 2590 643 2652 in
667 2608 702 2654 eo
719 2590 799 2671 quod
814 2591 948 2672 pertinet
963 2591 1003 2654 acl
1019 2593 1177 2656 actionem
1196 2595 1288 2660 vitae

307 2689 340 2752 et
363 2687 403 2750 ad
425 2706 510 2768 spem
534 2686 646 2750 salutis
669 2687 881 2768 sempiternae.
906 2687 980 2769 (Leo
995 2689 1085 2752 Xlll.
1102 2689 1178 2754 llno.
1212 2694 1286 2755 Ar-

307 2804 429 2860 canum,
457 2784 498 2846 10
521 2782 610 2848 Febr.
636 2783 747 2865 1880).

352 2881 427 2946 326.
453 2915 495 2927 -
518 2877 624 2946 Varla.
649 2880 740 2942 —L
764 2880 828 2944 Rex
852 2884 899 2945 est
923 2883 977 2964 qui
1000 2885 1157 2966 sapienter
1184 2886 1286 2968 regit,

306 2979 446 3044 ordinate
470 2977 558 3048 vivit,
583 2977 724 3058 potenter
747 2978 865 3041 malum
888 2981 1040 3061 reprimit,
1065 2983 1098 3045 et
1126 2983 1286 3060 vindicat,

306 3074 520 3140 innocentibus
542 3073 651 3154 parcit,
676 3073 796 3136 miseris
830 3073 977 3139 iniuriam
1012 3096 1073 3142 non
1109 3080 1286 3160 permittit,

306 3173 344 3237 de
367 3172 510 3252 suscepta
533 3170 686 3252 potestate
710 3188 768 3233 non
792 3173 940 3252 superbit,
966 3173 1019 3238 sed
1044 3176 1191 3240 omnibus
1212 3197 1285 3242 oon·

307 3269 473 3334 deseendit.
489 3265 532 3352 (S.
557 3265 699 3348 Bonan).

352 3367 427 3429 327.
453 3403 496 3411 —
519 3365 560 3428 11.
584 3364 629 3426 Ex
651 3363 726 3444 ipsis
759 3366 1014 3447 protestantibus,
1050 3370 1105 3451 qui
1139 3373 1287 3438 saniores

306 3466 390 3540 sunt,
414 3463 497 3526 ultro
520 3462 658 3526 fatentur
682 3462 774 3542 atque
791 3464 966 3543 ostendunt,
984 3467 1070 3532 nullo
1089 3469 1182 3534 modo
1200 3471 1286 3536 tole·

305 3562 420 3627 randos
442 3561 524 3636 illos,
549 3558 602 3640 qui
626 3559 726 3622 Deum
749 3562 873 3642 negant,
898 3564 954 3626 aut
978 3566 1031 3646 qui
1055 3585 1127 3630 eum
1156 3569 1283 3634 nullam

306 3659 430 3725 omnino
454 3657 565 3721 habere
588 3656 712 3718 censent
734 3675 836 3720 rerum
859 3658 1067 3726 humanarum
1084 3667 1286 3746 procuratio·
