2818 4276
310 253 362 310 146
444 255 617 304 inhermes
641 257 681 304 DE
705 256 895 308 HIERARCHIA
918 257 1152 305 IURISDIGTIONIS

308 455 532 528 ecciesiasticis,
557 455 610 536 qui
634 455 708 518 Eius
733 454 826 518 rerba
850 454 987 532 irridere,
1019 455 1109 520 aetus
1139 473 1267 539 carpere,

301 558 471 634 praecepta
491 551 720 633 parvipendere
743 549 792 614 cel
812 551 850 614 de
873 551 1087 631 imprudentia
1111 552 1205 616 diam
1229 553 1271 616 ire

306 671 417 716 casare
441 669 500 715 non
523 649 718 714 erubescunt.
743 648 773 713 Si
798 651 903 714 autem
928 649 1003 712 haec
1027 651 1157 734 agerent
1173 649 1272 716 Eccle-

307 750 371 814 siae
403 749 550 823 ministri,
583 747 656 829 quid
688 746 848 830 populus?
882 745 942 823 Pii,
978 746 1095 824 devoti,
1130 748 1274 814 catholici

308 866 416 912 omnes
440 847 472 910 et
494 846 629 910 maxime
656 845 831 908 animarum
862 844 1011 910 Pastores
1039 845 1088 908 hic
1120 847 1184 910 toti
1213 865 1274 912 esse

307 945 429 1022 debent,
454 945 491 1008 ut
514 945 606 1009 verbo
631 942 662 1006 et
678 943 816 1025 exemplo
833 942 982 1008 sinceram
1001 962 1074 1026 erga
1090 943 1275 1008 Pontificem

307 1044 479 1108 marimum
503 1041 731 1117 adhaesionem,
756 1040 975 1117 obedientiam,
1000 1059 1138 1106 amorem
1151 1042 1276 1121 publice

306 1145 338 1204 et
354 1141 510 1220 priuatim
536 1143 685 1219 perpetuo
717 1143 836 1212 curent,
867 1139 1041 1214 ostendant,
1069 1143 1279 1219 procuooecnt

306 1237 347 1302 ad
371 1236 526 1320 propriam
563 1235 757 1318 aliorumque
793 1236 928 1300 salutem
956 1259 975 1294 ›
1009 1235 1018 1266 ¹
1053 1233 1278 1318 (Scavini-Del-

308 1334 466 1421 vecchio).
491 1371 534 1380 —
556 1334 643 1398 Enoc
674 1331 836 1414 sapiamus
864 1331 982 1412 salsam
1010 1333 1216 1414 prudentiam
1250 1338 1281 1398 et

361 1637 371 1672 ¹
393 1637 557 1692 “Similiter
576 1637 664 1692 animi
683 1641 727 1692 est
750 1639 843 1692 minus
872 1638 981 1692 sincere
1003 1639 1030 1691 in
1043 1639 1183 1707 obsequio
1211 1657 1275 1707 per-

306 1728 459 1786 manentis,
479 1728 599 1782 alterum
619 1726 783 1782 Pontificem
813 1744 876 1782 cum
904 1727 994 1782 altero
1023 1727 1211 1783 committere.
1232 1729 1275 1782 Ex

306 1819 426 1872 diversis
450 1818 558 1872 duabus
585 1817 687 1886 agendi
717 1817 883 1880 rationibus,
904 1817 954 1885 qui
973 1822 1155 1885 praesentem
1183 1819 1274 1886 despi-

306 1907 386 1961 ciunt
404 1914 435 1960 ut
455 1906 626 1974 praeteritae
646 1905 847 1968 assentiantur,
867 1905 888 1958 ii
908 1923 1008 1973 parum
1028 1923 1057 1959 sc
1074 1905 1209 1960 obnoxios
1225 1924 1277 1975 po·

306 1996 406 2052 testati
425 1996 600 2064 impertiunt,
620 1995 697 2048 cuius
717 1995 835 2063 imperio
857 1996 933 2063 ipsos
956 1995 1017 2064 regi
1036 1995 1079 2048 ius
1101 1999 1130 2049 et
1150 1991 1276 2052 officium

306 2092 367 2142 est:
387 2087 528 2154 iidemque
547 2084 673 2152 aliquam
692 2084 799 2138 hebent
821 2102 884 2138 cum
905 2085 939 2138 iis
964 2083 1190 2153 similitudinem,
1216 2087 1274 2154 qui,

306 2191 358 2229 sua
377 2191 462 2228 cause
493 2173 637 2237 damnata,
659 2173 696 2225 ad
715 2171 843 2226 futurum
866 2171 1023 2227 Concilium
1043 2173 1159 2237 vellent,
1179 2173 1276 2228 velud

306 2263 480 2326 Pontificem,
492 2261 536 2316 cui
549 2262 650 2316 melius
667 2262 700 2316 de
715 2279 800 2314 causa
813 2261 931 2330 liqueat,
959 2279 1120 2330 provocare.
1136 2261 1276 2328 -Quam

306 2355 343 2408 ad
362 2371 420 2409 rem
440 2355 492 2407 hoc
510 2353 596 2407 fixum
616 2369 839 2420 persuasumque
860 2353 906 2413 sit.
926 2352 956 2405 in
976 2351 1120 2408 Ecclesiae
1133 2353 1277 2421 guberna·

306 2445 393 2506 tione,
413 2443 499 2496 salvis
518 2438 617 2497 officiis
638 2441 778 2504 maximis,
800 2442 900 2510 quihus
921 2441 1071 2496 Pontifices
1091 2459 1189 2497 omnes
1210 2460 1277 2511 apo·

307 2534 437 2588 stolicnm
457 2549 558 2586 munus
578 2531 740 2597 adstringit,
763 2532 913 2600 unicuique
933 2549 1030 2586 eorum
1049 2532 1194 2598 integrum
1214 2549 1277 2588 esse

306 2639 370 2679 eam
388 2624 527 2677 rationem
548 2622 635 2690 requi,
656 2639 736 2690 qnae,
758 2622 896 2689 spectatis
911 2622 1085 2690 temporibus
1097 2621 1277 2690 caeterisque

306 2731 398 2769 rerum
418 2712 566 2776 adiunctis,
587 2711 696 2779 optima
716 2711 857 2766 videatur.
873 2711 963 2780 quue
977 2711 1013 2764 ad
1027 2709 1112 2766 solius
1128 2710 1276 2766 Pontificis

306 2803 442 2857 indicium
462 2802 603 2870 pertinet:
625 2804 776 2870 propterea
796 2801 871 2868 quod
890 2801 914 2854 ir
935 2801 971 2854 ad
991 2819 1052 2855 eam
1073 2819 1133 2856 rem
1153 2820 1210 2856 non
1230 2819 1278 2856 so·

306 2892 366 2946 lum
387 2892 524 2960 singulari
544 2891 665 2960 quodam
686 2891 809 2945 donatur
839 2891 950 2946 consilii
977 2891 1162 2955 luminasse}
1187 2891 1277 2946 etiam

307 2985 457 3052 perspecta
488 2981 574 3035 habet
604 2981 693 3034 totius
724 2980 898 3034 christianae
932 2979 1108 3047 reipublicae
1135 2983 1277 3049 tempora,

307 3073 408 3142 quibus
423 3070 609 3140 apostolicam
623 3069 832 3138 providentiam
847 3087 928 3123 suam
944 3071 1146 3124 convenienter
1160 3087 1277 3139 respon-

307 3163 373 3217 dere
392 3177 506 3216 necesse
525 3163 576 3214 est.
591 3159 617 3212 ls
631 3176 728 3212 curam
741 3159 817 3228 gerit
831 3159 865 3212 de
880 3158 1021 3213 communi
1035 3157 1179 3214 Ecclesiae
1191 3160 1276 3226 bono,

307 3253 352 3306 cui
372 3251 547 3320 singularum
566 3249 692 3317 partium
712 3249 800 3302 servit
821 3249 949 3302 utilitas:
970 3249 1076 3304 caeteri
1096 3266 1171 3313 vero,
1192 3253 1279 3318 quot-

308 3345 378 3410 quot
396 3341 450 3395 hoc
469 3339 566 3395 ordine
589 3336 881 3406 comprehenduntur,
912 3339 1016 3393 debent
1036 3338 1137 3393 summi
1156 3337 1277 3394 rectoris

307 3434 409 3500 coepta
428 3429 570 3487 adiuvare,
590 3431 619 3482 et
638 3445 693 3496 quo
713 3427 761 3482 ille
775 3431 896 3496 spectat,
913 3428 1078 3482 obedienter
1091 3427 1179 3496 sequi.
1196 3427 1278 3482 Siout

306 3535 364 3574 una
387 3523 431 3574 est
456 3516 590 3582 Ecclesia,
617 3519 646 3570 et
674 3533 746 3570 unus
778 3515 826 3585 qui
855 3515 997 3570 Ecclesiae
1026 3520 1146 3584 praeest,
1175 3515 1277 3570 eodem

306 3609 389 3664 modo
408 3623 466 3661 nna
484 3609 527 3660 est
545 3606 641 3672 rectio,
661 3605 707 3660 cui
725 3610 842 3675 oportet
868 3607 983 3660 subesse
1003 3606 1148 3660 universos
1174 3646 1185 3671 .
1208 3604 1277 3670 (leo

306 3698 382 3762 Xlll,
402 3697 469 3751 Litt.
483 3695 615 3765 Epistola
627 3703 678 3752 tua
691 3697 728 3750 ad
741 3695 876 3764 Archiep.
893 3695 1028 3760 Parisien
1044 3695 1076 3749 17
1089 3694 1163 3748 Iunii
1185 3691 1277 3756 1883).
