2818 4276
238 241 304 288 CAP.
320 242 363 288 Ill.
381 242 420 288 DE
437 241 659 288 ssunuioulsss
676 240 758 288 ECCL.
776 239 839 287 CUM
856 240 918 288 SOC.
935 240 993 286 CIV.
1066 235 1102 289 99

131 440 234 520 atque
264 439 428 521 imperium
462 439 624 504 concordia
647 441 679 504 et
701 439 800 503 amica
823 437 992 503 officiorum
1016 439 1104 504 vicis·

130 536 243 601 siludo
267 538 426 619 auspIcato
453 539 663 622 conjungeret.
688 538 793 619 quue
815 536 907 601 modo
930 537 1102 620 composita

130 635 251 698 civitas
286 635 404 700 fruetus
427 635 503 699 tulit
527 635 611 700 omni
640 635 780 717 opinione
805 635 948 717 majores,
972 652 1103 715 quorum

132 733 225 816 uiget
248 733 397 797 memoria
421 733 453 797 et
475 733 594 817 uigebit
626 731 901 812 innumerabilibus
923 749 1026 796 rerum
1050 750 1103 815 ge·

131 832 259 894 starum
294 831 476 914 consignata
499 830 719 906 monumentis,
744 847 822 911 quae
845 828 932 892 nulla
959 828 1102 893 adversa·

130 928 256 992 riorum
280 929 346 992 arte
370 927 525 1010 corrumpi
541 929 598 992 aut
617 927 774 992 obscurari
797 927 937 1009 possunt.
953 925 1102 1006 -Quod

133 1026 263 1108 Europa
286 1025 454 1090 christiana
476 1025 625 1090 barbaras
647 1027 755 1108 gentes
779 1024 928 1102 edomuit,
952 1043 1064 1106 easque
1084 1042 1102 1090 a

129 1125 262 1189 feritate
274 1124 314 1188 ad
329 1122 608 1199 mansuetudinem,
625 1123 874 1205 asuperst'tioue
886 1122 925 1186 ad
939 1123 1103 1188 veritatem

130 1221 294 1286 traduxit:
313 1219 393 1302 quod
408 1219 700 1284 Maomethanorum
716 1220 904 1284 incursiones
916 1219 1026 1284 victrix
1038 1239 1104 1302 pro·

133 1320 292 1403 pulsavit:
318 1319 400 1401 quod
423 1319 522 1383 civilis
545 1319 650 1382 cultus
672 1318 881 1400 principatum
904 1317 1043 1394 retinuit,
1071 1321 1103 1383 et

131 1419 176 1483 ad
200 1439 291 1484 omne
315 1419 406 1483 decus
437 1417 643 1482 humanitatis
671 1417 780 1482 ducem
804 1436 835 1482 se
858 1417 1103 1501 magistramque

132 1518 282 1600 praebere
298 1517 406 1581 ceteris
422 1516 599 1580 consuevit:
625 1514 707 1597 quod
730 1533 910 1600 germanam
926 1515 1103 1581 libertatem

131 1635 267 1696 eamque
283 1615 488 1697 multiplicem
511 1613 689 1698 gratificata
705 1614 828 1696 populis
843 1615 909 1678 est:
927 1614 1009 1696 quod
1025 1633 1104 1678 com·

133 1713 228 1796 plura
251 1713 291 1777 ad
314 1711 509 1776 miseriarum
533 1711 682 1776 solatium
705 1713 931 1793 sapientissime
954 1712 1102 1788 instituit,

132 1813 202 1875 sine
237 1810 445 1876 controversia
480 1829 627 1893 magnam
662 1809 752 1873 debet
786 1811 921 1893 gratiam
952 1809 1103 1894 religioni,

131 1929 232 1992 quam
256 1909 296 1974 ad
319 1911 424 1973 tantas
447 1927 495 1972 res
519 1907 726 1990 suscipiendas
748 1907 859 1972 habuit
881 1908 1047 1990 auspicem,
1064 1909 1104 1974 ad

133 2006 337 2092 perficiendas
353 2006 546 2071 adiutricem.
564 2043 607 2052 —
622 2005 811 2070 Mansissent
833 2005 970 2088 profecto
996 2005 1103 2071 eadem

133 2107 229 2181 bona,
242 2107 268 2170 si
284 2105 445 2186 utriusque
461 2103 626 2187 potestatis
642 2103 801 2168 concordia
814 2103 995 2167 mansisset:
1009 2101 1100 2169 maio

134 2223 233 2285 reque
257 2203 409 2285 expectari
432 2202 498 2266 iure
521 2203 675 2284 poterant,
699 2201 726 2264 si
749 2201 941 2276 auctoritati,
958 2201 984 2264 si
1008 2202 1104 2286 magi·

133 2301 244 2376 sterio
262 2301 288 2364 si
303 2299 439 2365 consiliis
454 2299 607 2364 Ecclesiae
624 2299 741 2362 maiore
757 2300 837 2362 esset
859 2317 930 2362 cum
953 2297 1013 2363 fide
1036 2317 1104 2380 per·

133 2398 373 2479 severantiaque
390 2397 647 2479 obtemperatum.
660 2395 743 2459 illud
755 2395 836 2460 enim
850 2398 1014 2478 perpetuae
1026 2397 1104 2480 legis

134 2496 239 2560 instar
253 2494 429 2560 habendum
445 2495 503 2567 est,
520 2493 601 2575 quod
617 2493 671 2558 lvo
688 2492 888 2558 Carnutensis
910 2493 950 2557 ad
973 2493 1105 2560 Pascha·

134 2594 199 2658 lem
215 2593 248 2656 II
264 2591 445 2657 Pontificem
461 2592 631 2656 marimum
648 2592 834 2674 perscripsit,
855 2616 872 2650 ‹
888 2611 959 2656 cum
974 2611 1104 2676 regnum

138 2717 159 2750 ‹
175 2692 207 2756 et
222 2689 429 2755 sacerdotium
444 2690 525 2753 inter
541 2708 573 2754 se
588 2689 783 2766 conveniunt,
796 2690 871 2754 bene
887 2690 1006 2773 regitur
1017 2710 1104 2755 mun·

139 2813 159 2847 «
175 2789 244 2862 dus,
261 2787 350 2852 floret
373 2789 405 2852 ct
427 2786 596 2851 fructificat
611 2787 756 2851 Ecclesia.
774 2785 852 2851 Cum
877 2805 948 2851 vero
975 2788 1057 2852 inter
1072 2807 1104 2853 se

140 2912 158 2946 ‹
175 2886 361 2961 discordant,
378 2904 438 2950 non
454 2885 579 2948 tantum
596 2903 709 2967 parvae
724 2903 772 2948 res
800 2903 861 2948 non
884 2885 1034 2961 crescunt,
1051 2885 1104 2948 sed

139 3011 159 3044 ι
175 2986 271 3050 etiam
295 3003 427 3068 magnae
449 3003 498 3048 res
521 2983 738 3047 miserabiliter
765 2982 946 3046 dilabuntur
960 3005 992 3044 ›.
1009 2981 1103 3064 (Huc-

136 3103 235 3166 usque
258 3083 320 3147 Leo
344 3082 446 3166 XIII).

182 3179 259 3268 307.
283 3217 328 3226 -
351 3179 490 3246 [recres
513 3179 552 3246 de
576 3177 694 3246 Iuribus
726 3176 888 3248 [eclesia.
911 3215 955 3224 -
978 3177 1105 3242 Errant

133 3279 321 3362 pravissime
338 3279 392 3359 qui
407 3277 533 3343 dicum:
545 3278 581 3361 o)
599 3303 616 3336 c
628 3277 844 3342 Ecclesiastioa
859 3276 998 3360 potestas
1013 3295 1103 3340 suam

134 3377 359 3442 auctoritatem
375 3393 511 3440 exercere
526 3392 585 3438 non
601 3373 691 3438 debet
706 3373 822 3455 absque
837 3372 938 3437 civilis
962 3371 1103 3456 guberuii

136 3475 227 3538 venia
251 3475 283 3538 ot
305 3491 432 3538 assensu
447 3496 480 3536 ›.

182 3567 1103 3654 308.-o)‹spiscopissinesuborniivenio,fosnonost
1201 3557 1206 3570 ²

135 3670 186 3736 vel
208 3671 293 3753 ipsas
315 3668 512 3752 Apostolicas
534 3668 657 3732 litteras
679 3667 924 3752 promulgare».
