2812 4268
351 295 417 342 CAP.
440 297 461 341 1.
487 297 525 343 DE
549 297 719 346 Ponnsvsnn
742 297 899 347 IUDlCANDl
1060 299 1113 355 419
1167 365 1170 372 ¹

196 520 292 583 1316.
318 557 359 568 -
391 519 445 582 Vl.
477 518 648 584 Canonicae
669 521 854 584 monitiones
877 520 957 585 fiunt
987 521 1051 585 sive
1081 523 1114 588 in

145 618 247 682 forma
263 620 390 700 paterna
407 620 438 682 et
454 619 569 682 secreta
594 617 702 700 (etiam
726 637 779 699 per
802 617 966 700 epistolam
982 619 1038 682 ant
1061 611 1122 702 per¹

146 714 364 796 interpositam
381 717 557 798 personam)
582 716 646 779 sive
662 716 693 778 in
709 717 809 780 forma
825 715 929 800 legali,
947 716 992 779 ita
1009 717 1114 780 tamen

147 815 186 876 ut
217 812 253 877 de
283 814 462 878 earumdem
485 813 662 878 executione
689 815 811 878 constet
839 831 875 878 ex
899 813 1003 896 aliquo
1029 816 1113 878 actu.

195 912 292 975 1317.
315 949 359 958 -
389 911 460 974 Vll.
495 911 654 991 Quatenus
687 909 896 976 infructuosae
929 914 1114 977 monitiones

144 1009 291 1083 evadant,
305 1008 485 1073 Ordinarins
497 1011 646 1092 praecipit
659 1008 826 1082 11111166,111
840 1009 1030 1092 delinquenti
1043 1029 1115 1074 ana·

149 1107 259 1190 logum
275 1107 458 1190 iniungatur
483 1110 690 1190 praeceptum,
715 1109 747 1172 in
764 1127 823 1190 quo
841 1107 1015 1172 declaretur
1039 1107 1113 1190 quid

147 1204 249 1268 eidem
273 1206 426 1288 agendum
444 1208 500 1270 aut
523 1205 730 1270 omittendum
742 1207 793 1282 sit,
818 1224 888 1270 cum
904 1206 1116 1288 respondentis

146 1321 266 1384 poenae
288 1305 512 1367 aeclesiasticae
528 1303 774 1380 comminatione,
799 1321 892 1385 quam
927 1304 1062 1367 incurret
1084 1303 1116 1366 in

145 1419 223 1464 casu
247 1401 509 1484 transgressionis.

197 1499 293 1561 1318.
326 1537 356 1544 -
384 1499 471 1562 Vll-l.
495 1499 697 1581 Praeceptum
721 1498 885 1562 intimatur
909 1500 1074 1581 praevento
1098 1517 1116 1563 a

151 1597 342 1662 Cancellario
355 1615 458 1660 coram
472 1596 595 1660 Vicario
609 1594 770 1665 Generali:
795 1599 859 1660 sive
876 1617 980 1663 coram
997 1597 1117 1663 dnobus

148 1695 285 1758 testibus
308 1695 523 1758 ecclesiasticis
547 1695 603 1757 aut
625 1695 713 1758 laicis
738 1695 885 1775 probatae
915 1695 1116 1780 integritatis.

152 1793 172 1875 ᾗ
198 1792 230 1855 1ο
246 1794 344 1858 Actus
367 1793 567 1877 subsignatur
591 1811 609 1856 a
636 1793 776 1874 partibus
808 1795 1020 1876 praesentibus
1045 1795 1076 1858 61
1099 1813 1117 1858 a

149 1893 316 1974 praevento
341 1910 470 1973 quoque,
496 1891 522 1954 si
546 1891 632 1955 velit.
666 1891 683 1973 1
716 1892 751 1952 2⁰
783 1891 925 1956 Vicarius
957 1891 1117 1957 Generalis

148 1988 284 2052 adiicere
304 1989 387 2056 valet
398 1990 606 2053 iuramentum
621 1988 763 2052 servandi
780 1990 942 2065 secretum,
964 1991 1117 2072 quatenus

148 2086 185 2150 id
200 2085 367 2169 prudenter
382 2088 505 2168 expetat
528 2086 615 2150 tituli
638 2087 766 2165 indoles,
791 2087 828 2150 de
852 2105 912 2169 quo
936 2087 1050 2170 agitur.

201 2185 297 2248 1319.
322 2222 365 2230 —
377 2185 433 2248 lX,
450 2183 559 2264 Quoad
578 2184 726 2264 poenalia
742 2184 853 2260 media,
868 2185 1119 2249 animadvertant

150 2283 398 2349 reverendissimi
422 2283 590 2357 Ordinarii,
622 2283 776 2364 praesenti
810 2283 1014 2347 instructione
1036 2283 1119 2346 haud

151 2382 339 2466 derogatum
362 2401 427 2446 6666
444 2381 628 2445 iudiciorum
653 2381 913 2453 solemnitatibus,
939 2401 992 2464 per
1016 2399 1119 2444 sacros

148 2498 293 2555 canones,
311 2499 364 2562 per
376 2479 564 2561 apostolicas
577 2478 822 2544 Constitutiones
834 2481 866 2543 et
882 2479 961 2543 alias
977 2479 1120 2542 ecclesia-

150 2577 248 2641 sticas
265 2577 480 2658 dispositiones
504 2576 675 2659 imperatis,
700 2577 853 2658 quatenus
876 2576 1001 2640 eaodem
1024 2575 1119 2638 libere

153 2673 379 2755 efficaciterque
394 2673 543 2755 applicari
555 2675 689 2756 queant3
713 2674 766 2738 sed
780 2675 991 2763 oeconomicae
1002 2673 1118 2755 formae

154 2772 312 2838 consulere
342 2771 506 2835 intendunt
525 2771 588 2836 11116
611 2771 733 2835 casibus
757 2772 929 2854 cunisque,
953 2771 1120 2852 inquibus

155 2871 306 2935 solemnes
329 2889 499 2952 processus,
524 2871 580 2932 aut
608 2869 747 2934 adhiberi
770 2871 934 2953 nequeant,
970 2870 1027 2934 aut
1059 2887 1120 2932 non

151 2969 295 3052 expedire
319 2967 492 3032 videantur.
516 2967 642 3032 Plenam
669 2987 789 3050 quoque
814 2969 875 3032 vim
900 2969 1004 3033 servat
1031 2985 1121 3032 suam

155 3065 388 3132 extraiudiaiale
411 3066 581 3131 remedium
606 3087 644 3130 cc
666 3065 838 3145 informato
860 3066 1049 3131 6666616616
1063 3081 1119 3148 pro

125 3175 135 3184 ·
151 3164 336 3228 criminibus
350 3164 490 3239 occultis,
504 3164 585 3246 quod
594 3163 729 3228 decrevit
742 3162 772 3227 S.
786 3164 966 3228 Tridentino
979 3161 1121 3247 Synodus

156 3262 189 3326 in
218 3259 584 3340 8666116661116
615 3261 755 3340 Reform.
790 3262 1009 3338 adhibendum,
1049 3279 1120 3325 cum

157 3359 222 3424 illis
238 3359 354 3443 regulis
370 3360 687 3436 6116661161161111116,
706 3379 781 3442 quas
793 3362 969 3425 constanter
985 3359 1122 3424 servavit

159 3475 214 3540 pro
239 3455 314 3520 dicti
336 3457 448 3540 capitis
471 3457 723 3539 interpretatione
747 3455 777 3521 8.
802 3455 835 3522 0.
860 3456 1066 3541 Congregatio
1090 3456 1121 3518 in

105 3609 107 3616 .
155 3555 299 3638 pluribus
323 3551 574 3630 resolutionibus,
602 3556 633 3618 et
657 3555 818 3637 praecipue
841 3555 872 3620 in
904 3554 1058 3619 Bosea'ea.
1091 3554 1123 3616 61

157 3652 307 3717 81161166.
333 3655 375 3718 20
399 3652 576 3716 Decembris
601 3653 698 3716 1873.
