2750 4270
285 255 351 303 can.
375 257 408 305 n.
431 257 470 304 nn
495 257 715 306 nnnorrornsus
737 257 770 304 nv
794 246 896 306 sensis
1017 258 1070 312 217

104 455 310 523 Umisccrotio
331 459 371 538 fit
392 463 512 523 stotutu
534 460 594 536 dic,
611 479 692 540 quac
707 460 795 524 debet
810 479 875 525 esse
891 460 1071 538 Domiuioo,

98 555 152 619 ool
173 555 359 621 natalitium
382 555 614 636 Apostolorum,
638 557 688 621 oct
698 559 792 622 ctiam
804 557 926 638 festivo,
943 561 969 624 si
985 558 1073 624 Sum·

98 671 173 718 mus
196 653 342 718 Pontifex
364 655 423 719 hoe
446 656 621 737 specialiter
644 656 827 732 indulserit;
851 659 883 721 et
910 659 976 722 tam
1000 675 1073 724 con·

98 753 252 827 sectator,
276 771 370 834 qnam
394 753 529 828 Electus,
554 755 737 819 conveniens
761 756 808 818 est
828 756 863 818 nt
879 755 1072 840 praecedenti

97 848 151 913 die
167 849 308 914 ieiunent
325 849 400 932 (Cir.
425 850 516 915 Pont.
541 853 643 930 Rom,
668 852 706 916 dc
733 850 911 916 Cousecrut.
936 853 1071 933 Eposo).

146 947 226 1010 630.
252 983 296 994 —
319 948 398 1012 Rus.
422 948 475 1011 Ψ.
499 947 675 1030 Episcopus
708 969 771 1012 uou
806 951 912 1014 miuus
934 971 1071 1030 quomo

101 1043 209 1107 tribus
231 1043 398 1125 Episcopis
420 1045 603 1111 nullatcnus
637 1047 801 1110 ordinetur
823 1048 888 1112 sine
916 1047 1072 1130 dispensa·

99 1140 190 1206 tione
215 1140 303 1206 Sedis
325 1142 524 1224 Apostolicae
549 1143 648 1222 (ioan.
672 1144 730 1220 ΙΙΙ,
747 1143 791 1206 ud
804 1143 977 1224 Episcopus
995 1144 1073 1209 Gcr·

98 1239 232 1302 moucoc
256 1243 286 1303 ct
312 1238 464 1321 Gallius),
491 1278 530 1286 —
560 1238 798 1306 Oousccroudus
826 1243 859 1304 iu
883 1241 1072 1322 Episcopum

97 1336 193 1401 dolum
215 1339 391 1401 necessario
407 1339 503 1418 prius
525 1359 591 1402 csse
613 1339 767 1414 sacerdos,
785 1339 861 1403 adeo
878 1341 915 1403 ut
930 1341 955 1403 si
972 1359 1072 1403 sacer·

100 1435 228 1499 dotium
252 1454 312 1500 non
326 1437 535 1518 praecesserit,
550 1437 687 1501 invalida
700 1437 742 1500 sit
754 1436 870 1502 ordinis
883 1435 1072 1519 Episcopalis

98 1533 234 1598 collatio
259 1531 345 1615 (Oap.
376 1531 469 1598 Osius
494 1536 546 1610 10,
570 1535 643 1599 dist.
669 1533 737 1620 61).

147 1630 227 1693 631.
247 1667 288 1676 -
307 1632 395 1696 liuta.
413 1667 449 1678 -
464 1631 633 1714 Episcopus
657 1631 878 1716 gravissimum
896 1649 973 1696 onus
989 1631 1073 1696 subit

99 1727 259 1809 oupcticis
282 1727 419 1792 tumoris
441 1727 686 1808 formidandum,
710 1731 748 1792 ut
762 1729 932 1811 loquuntur
947 1727 1073 1794 Triden-

100 1825 162 1889 tini
188 1825 310 1889 Patres.
334 1823 402 1904 Qua
426 1827 457 1890 in
481 1845 513 1890 re
537 1826 649 1908 duplex
664 1828 712 1890 est
728 1827 861 1891 maxime
884 1826 1071 1908 periculum:

102 1923 136 1985 1ο
161 1923 322 2005 propriam
345 1923 480 1987 salutem
503 1923 678 2007 negligendi
702 1923 776 1987 dum
793 1929 917 1987 externa
934 1922 1074 1987 subdito-

100 2040 173 2084 rum
191 2022 359 2084 curantur:
377 2023 412 2084 2⁶
428 2021 571 2103 peccandi
585 2039 639 2103 per
655 2021 853 2086 omissionem
881 2021 1074 2102 propriorum
1195 2073 1196 2076 ,

99 2137 281 2193 munerum,
295 2119 466 2183 omittendo
490 2119 611 2182 debitas
627 2118 820 2193 monitiones,
838 2119 1025 2200 punitiones,
1043 2119 1074 2182 et

101 2216 246 2280 timendo
269 2217 380 2300 longas
402 2216 563 2280 molestias
587 2215 724 2298 quotidie
748 2217 958 2279 occurrentes:
995 2214 1074 2279 unde

99 2335 194 2378 uento
217 2316 345 2394 sopiens
369 2313 449 2378 ueto
472 2318 597 2378 crcotur
619 2315 735 2378 auimo.

204 2525 284 2588 Anu.
309 2523 347 2587 V.
372 2522 422 2589 Dc
445 2523 691 2590 'translatione
714 2521 980 2606 Episcoporum.

149 2705 229 2768 632.
249 2739 289 2748 -
307 2703 570 2768 Prueuotundum.
595 2739 624 2748 -
646 2703 671 2766 Ι.
688 2702 890 2784 Omnipotens
906 2701 990 2766 Deus
1012 2702 1074 2783 spi·
1155 2701 1165 2714 '

101 2802 223 2867 rituale
247 2801 434 2882 couiuptum,
460 2800 543 2879 quod
556 2803 604 2863 cst
617 2801 701 2863 tuter
716 2799 906 2879 Episcopum
923 2803 952 2862 ct
966 2797 1074 2863 Ecctc·

101 2903 197 2976 sc'om,
223 2919 280 2962 suo
305 2903 426 2962 tautum
449 2897 563 2962 iudicio
578 2898 751 2961 rcseroaoit
761 2897 1004 2972 dissolvendum,
1021 2897 1075 2977 qui

101 2997 344 3084 dissolutionem
367 2996 463 3060 etiam
487 2995 622 3059 earnalis
645 2994 792 3077 coniugii,
817 2991 899 3075 quod
923 2995 971 3056 est
994 2993 1076 3057 inter

103 3097 210 3160 virum
235 3096 267 3158 et
282 3093 449 3158 foeminam
466 3112 521 3156 suo
537 3095 662 3156 tantum
675 3091 789 3156 iudicio
802 3090 973 3154 reservavit
988 3108 1076 3172 prae·

103 3193 234 3276 cipiens,
270 3194 306 3255 ut
337 3209 414 3273 quos
448 3191 532 3254 Deus
558 3189 719 3253 coniunxit
742 3189 835 3253 homo
858 3206 919 3251 non
943 3187 1074 3268 separet.

103 3289 178 3355 Non
202 3290 286 3353 enim
308 3289 445 3352 humana
469 3287 521 3352 sed
545 3288 649 3370 potius
672 3286 776 3351 divina
800 3287 954 3369 potestate
970 3283 1076 3348 coniu-

104 3389 195 3472 gium
218 3387 381 3470 spirituale
405 3385 597 3461 dissolvitur,
630 3403 700 3448 oum
737 3403 790 3466 per
826 3381 1075 3458 translationem,

105 3487 338 3568 depositionem,
363 3485 420 3548 aut
442 3483 619 3558 cessionem,
645 3482 833 3546 auctoritate
849 3481 983 3545 Romani
1000 3480 1077 3544 Pon·

104 3584 201 3648 titicis
225 3585 331 3666 (quem
355 3583 477 3647 constat
499 3599 566 3645 esse
589 3579 749 3645 Vicarium
773 3580 844 3644 Iesu
860 3577 990 3659 Christi)
1008 3578 1078 3660 Epi·

107 3700 221 3764 scopus
254 3681 294 3744 ab
329 3680 466 3744 Ecclesia
498 3680 697 3743 removetur:
733 3677 765 3741 et
799 3677 867 3741 ideo
899 3676 960 3740 tria
990 3675 1077 3751 haec,
