2750 4270
429 267 494 314 CAP.
518 269 538 314 1.
563 269 603 316 DE
626 267 777 316 EPISCOPIS
1020 267 1073 321 237

147 465 284 528 Mnnrnu
307 481 427 528 mvocl.
451 464 530 540 Avn,
543 463 641 547 Virgo
666 464 786 546 pudiea,
811 483 935 546 corpore
951 464 1071 541 deeora,

102 563 211 627 animo
234 560 440 646 fulginatis
462 562 634 644 perspicua,
657 564 761 626 mente
785 561 951 644 praeclara,
969 581 1073 626 amore

102 660 299 745 virginitatis
322 660 443 736 devota,
466 659 507 724 ad
530 659 732 724 obediendum
756 661 900 742 parata...
917 659 948 723 in
973 677 1074 741 perse·

102 759 231 824 cutione
253 759 412 840 pacifica...
437 777 455 822 a
489 758 648 839 prophetis
679 748 742 822 Dei'
771 756 939 839 praedicta,
964 775 982 820 a
1005 757 1073 839 phi·

102 857 245 940 losophis
276 856 390 921 Sancta
419 856 569 938 praefata,
601 857 640 920 ab
670 856 865 940 Archangelo
900 855 1073 930 salutata..‚

103 953 148 1036 (S.
176 954 333 1038 lldefon.).

149 1053 287 1116 Mnsrnm
310 1067 477 1118 nrnrmrcl.
502 1050 648 1134 Corporis
663 1053 695 1115 et
711 1052 806 1116 animi
824 1051 1074 1116 mortificatione.

106 1189 142 1198 -
216 1149 259 1212 'lto'
281 1149 411 1214 Maroae
434 1150 607 1213 imitatores
630 1149 705 1212 eius.

484 1367 696 1376 ——u--n

126 1553 221 1619 OAP.
246 1552 288 1615 ll.
312 1551 412 1615 -DE
438 1548 722 1616 ADIUTORIBUS
753 1547 1051 1612 EPlSCOPOItUM.

221 1919 299 1982 Aur.
325 1919 350 1981 Ι.
375 1916 426 1982 De
449 1913 788 1999 lrohtprestyteris,
818 1911 965 1980 Deeanls

409 2024 445 2090 et
467 2021 742 2090 lrohidlaeonis.

152 2211 232 2274 684.
257 2246 300 2255 -
334 2207 596 2274 Praenotaudum.
620 2239 664 2250 —-
687 2201 862 2282 Antiquom
892 2201 940 2263 est
968 2197 1078 2261 Arohi·

105 2308 283 2394 presbyteri
306 2325 427 2382 nomen,
444 2323 503 2386 quo
518 2303 637 2386 primus
652 2299 853 2364 sacerdotum
877 2295 1075 2379 intelligitur.

106 2447 148 2456 -
175 2405 456 2486 Arcutpresoparo
477 2406 553 2467 suat
581 2397 714 2479 duplicis
736 2395 881 2478 penaria·
913 2413 993 2458 unus
1023 2413 1077 2456 ur-

5 2561 6 2604 3
106 2509 221 2583 donas,
247 2505 301 2570 alii
325 2505 431 2569 autem
453 2501 580 2565 rurales
602 2498 763 2562 dicuntur.
791 2531 831 2543 —-
856 2493 928 2557 Vid.
960 2491 1077 2576 Soglia‚

5 2643 8 2668 ,ι
105 2606 257 2671 Devoti...

4 2783 5 2786 Ἴ
152 2704 233 2767 685.
257 2737 301 2747 -
327 2696 611 2781 drehlpresbyteri.
635 2731 677 2740 -
702 2693 727 2755 l.
750 2689 841 2756 Unus
864 2689 937 2754 olim
960 2685 1022 2766 fait
1043 2687 1079 2749 ta

105 2801 249 2884 stapulas
271 2798 459 2864 dioecesibus
483 2791 755 2873 Arohdoresbptea
785 2791 820 2853 ia
850 2788 972 2852 ciuitate
998 2783 1079 2863 Epi-

105 2898 230 2981 scopuli
252 2897 448 2962 constitutos.
467 2893 500 2958 1⁰
517 2890 708 2974 Presbyteris
724 2887 877 2952 Ecclesiae
892 2881 1080 2948 cathedralis

2 3059 3 3062 ,
105 2997 255 3081 praeerat
278 2995 309 3058 et
331 2993 450 3076 primus
473 2992 545 3073 post
567 2989 752 3071 Episcopum
776 2981 951 3066 imperabat
977 2979 1009 3042 in
1040 2977 1080 3041 iis

2 3082 3 3174 J
107 3113 190 3178 quae
219 3091 260 3156 ad
291 3110 413 3156 sacrum
443 3087 652 3152 ministerium
682 3083 847 3166 pertinent.
880 3081 915 3142 2⁰
946 3075 1078 3139 Attenia

106 3193 209 3277 ipsius
227 3189 433 3264 institutione,
447 3187 514 3250 erat
530 3185 630 3268 prima
645 3183 717 3265 post
728 3180 914 3262 Episcopum
931 3173 1079 3258 dignitas.
1134 3212 1135 3215 κ

108 3295 145 3356 3⁰
171 3288 235 3356 Sed
257 3288 360 3353 ordine
391 3284 514 3368 quidem
546 3282 686 3365 superior
712 3277 949 3349 Archidiacono,
974 3273 1080 3335 tamen

107 3393 177 3456 iure
201 3385 414 3450 Decretalium
437 3384 485 3448 est
507 3381 649 3446 inferior:
674 3397 746 3442 nam
770 3376 822 3440 ille
837 3371 1010 3438 functiones
1027 3367 1080 3432 Or-

107 3487 193 3553 dinis
218 3485 275 3550 aut
297 3484 356 3548 fori
386 3480 500 3546 interni
529 3477 698 3562 peragebat
724 3474 849 3538 tantum
878 3471 910 3534 in
942 3465 1079 3540 ciuitate,

108 3587 188 3650 dum
212 3581 429 3647 Arohidiaeoni
451 3576 623 3643 iurisdictio
647 3575 772 3638 externa
795 3589 826 3635 se
842 3565 1026 3634 extendebat
1048 3561 1079 3626 in

109 3687 215 3750 totam
240 3679 414 3746 dioesesim.
438 3677 473 3740 4ο
496 3671 761 3754 Archipresbpter
791 3667 879 3732 orbis
912 3663 1012 3728 solam
1034 3681 1082 3724 re-
