<?xml version="1.0" encoding="UTF-8"?>
<!DOCTYPE html PUBLIC "-//W3C//DTD XHTML 1.0 Transitional//EN"
    "http://www.w3.org/TR/xhtml1/DTD/xhtml1-transitional.dtd">
<html xmlns="http://www.w3.org/1999/xhtml" xml:lang="en" lang="en">
 <head>
  <title>
</title>
<meta http-equiv="Content-Type" content="text/html;charset=utf-8" />
  <meta name='ocr-system' content='tesseract 3.04.00' />
  <meta name='ocr-capabilities' content='ocr_page ocr_carea ocr_par ocr_line ocrx_word'/>
</head>
<body>
  <div class='ocr_page' id='page_1' title='image "./compendiumiuris00tutgoog_0334.png"; bbox 0 0 2758 4270; ppageno 0'>
   <div class='ocr_carea' id='block_1_1' title="bbox 291 257 1107 312">
    <p class='ocr_par' dir='ltr' id='par_1_1' title="bbox 291 257 1107 312">
     <span class='ocr_line' id='line_1_1' title="bbox 291 257 1107 312; baseline 0.004 -3"><span class='ocrx_word' id='word_1_1' title='bbox 291 262 356 309; x_wconf 76' lang='lat' dir='ltr'>CAP.</span> <span class='ocrx_word' id='word_1_2' title='bbox 381 263 409 307; x_wconf 82' lang='lat' dir='ltr'><strong>V.</strong></span> <span class='ocrx_word' id='word_1_3' title='bbox 435 261 475 308; x_wconf 86' lang='lat' dir='ltr'><strong>DE</strong></span> <span class='ocrx_word' id='word_1_4' title='bbox 498 259 654 308; x_wconf 78' lang='lat' dir='ltr'><strong>uourcffis</strong></span> <span class='ocrx_word' id='word_1_5' title='bbox 677 261 715 306; x_wconf 86' lang='grc' dir='ltr'><strong>ΕΤ</strong></span> <span class='ocrx_word' id='word_1_6' title='bbox 738 259 953 308; x_wconf 66' lang='lat' dir='ltr'><strong>montaureus</strong></span> <span class='ocrx_word' id='word_1_7' title='bbox 1054 257 1107 312; x_wconf 48' lang='lat'><strong>&amp;5</strong></span> 
     </span>
    </p>
   </div>
   <div class='ocr_carea' id='block_1_2' title="bbox 168 471 1077 558">
    <p class='ocr_par' dir='ltr' id='par_1_2' title="bbox 168 471 1077 558">
     <span class='ocr_line' id='line_1_2' title="bbox 168 471 1077 558; baseline 0.001 -18"><span class='ocrx_word' id='word_1_8' title='bbox 168 477 248 540; x_wconf 77' lang='lat' dir='ltr'><strong>Anu.</strong></span> <span class='ocrx_word' id='word_1_9' title='bbox 275 475 343 538; x_wconf 87' lang='lat' dir='ltr'><strong>Vll.</strong></span> <span class='ocrx_word' id='word_1_10' title='bbox 368 474 419 541; x_wconf 73' lang='lat' dir='ltr'><strong>lte</strong></span> <span class='ocrx_word' id='word_1_11' title='bbox 442 475 624 542; x_wconf 84' lang='lat' dir='ltr'><strong>Institutis</strong></span> <span class='ocrx_word' id='word_1_12' title='bbox 646 472 820 541; x_wconf 80' lang='lat' dir='ltr'><strong>Votorum</strong></span> <span class='ocrx_word' id='word_1_13' title='bbox 843 471 1077 558; x_wconf 87' lang='lat' dir='ltr'><strong>Simpllolum.</strong></span> 
     </span>
    </p>
   </div>
   <div class='ocr_carea' id='block_1_3' title="bbox 135 651 1177 1227">
    <p class='ocr_par' dir='ltr' id='par_1_3' title="bbox 135 651 1177 1227">
     <span class='ocr_line' id='line_1_3' title="bbox 186 651 1106 740; baseline -0.001 -22"><span class='ocrx_word' id='word_1_14' title='bbox 186 656 262 719; x_wconf 84' lang='grc'><strong>946.</strong></span> <span class='ocrx_word' id='word_1_15' title='bbox 286 691 331 700; x_wconf 91' lang='lat'>-</span> <span class='ocrx_word' id='word_1_16' title='bbox 356 655 620 722; x_wconf 81' lang='lat' dir='ltr'><strong>Praenotandurn.</strong></span> <span class='ocrx_word' id='word_1_17' title='bbox 633 691 677 700; x_wconf 96' lang='lat'><em>-</em></span> <span class='ocrx_word' id='word_1_18' title='bbox 690 654 715 716; x_wconf 94' lang='grc' dir='ltr'><strong>Ι.</strong></span> <span class='ocrx_word' id='word_1_19' title='bbox 735 678 753 711; x_wconf 83' lang='lat'>‹</span> <span class='ocrx_word' id='word_1_20' title='bbox 769 651 863 740; x_wconf 79' lang='lat' dir='ltr'><strong>Nein</strong></span> <span class='ocrx_word' id='word_1_21' title='bbox 882 653 1018 718; x_wconf 79' lang='lat' dir='ltr'><strong>Ecclesia</strong></span> <span class='ocrx_word' id='word_1_22' title='bbox 1037 655 1106 730; x_wconf 84' lang='lat' dir='ltr'><strong>Dei,</strong></span> 
     </span>
     <span class='ocr_line' id='line_1_4' title="bbox 135 751 1108 836; baseline -0.005 -16"><span class='ocrx_word' id='word_1_23' title='bbox 135 754 198 820; x_wconf 91' lang='lat' dir='ltr'><strong>sub</strong></span> <span class='ocrx_word' id='word_1_24' title='bbox 221 753 320 836; x_wconf 87' lang='lat' dir='ltr'><strong>specie</strong></span> <span class='ocrx_word' id='word_1_25' title='bbox 343 753 469 818; x_wconf 90' lang='lat' dir='ltr'><strong>maioris</strong></span> <span class='ocrx_word' id='word_1_26' title='bbox 492 752 564 818; x_wconf 91' lang='lat' dir='ltr'><strong>boni</strong></span> <span class='ocrx_word' id='word_1_27' title='bbox 580 752 629 816; x_wconf 89' lang='lat' dir='ltr'><strong>vel</strong></span> <span class='ocrx_word' id='word_1_28' title='bbox 644 752 815 834; x_wconf 90' lang='lat' dir='ltr'><strong>praesentis</strong></span> <span class='ocrx_word' id='word_1_29' title='bbox 830 752 1033 828; x_wconf 80' lang='lat' dir='ltr'><strong>necessitatis,</strong></span> <span class='ocrx_word' id='word_1_30' title='bbox 1050 751 1108 816; x_wconf 88' lang='lat' dir='ltr'><strong>ali·</strong></span> 
     </span>
     <span class='ocr_line' id='line_1_5' title="bbox 137 849 1106 934; baseline -0.002 -18"><span class='ocrx_word' id='word_1_31' title='bbox 137 851 215 934; x_wconf 91' lang='lat' dir='ltr'><strong>quid</strong></span> <span class='ocrx_word' id='word_1_32' title='bbox 239 850 366 934; x_wconf 92' lang='lat' dir='ltr'><strong>periculi</strong></span> <span class='ocrx_word' id='word_1_33' title='bbox 390 850 439 914; x_wconf 88' lang='lat' dir='ltr'><strong>vel</strong></span> <span class='ocrx_word' id='word_1_34' title='bbox 461 849 650 915; x_wconf 82' lang='lat' dir='ltr'>incommodi</span> <span class='ocrx_word' id='word_1_35' title='bbox 665 849 852 926; x_wconf 72' lang='lat' dir='ltr'><strong>suboriatur,</strong></span> <span class='ocrx_word' id='word_1_36' title='bbox 868 850 955 914; x_wconf 81' lang='lat' dir='ltr'><strong>iuxta</strong></span> <span class='ocrx_word' id='word_1_37' title='bbox 972 852 1106 914; x_wconf 88' lang='lat' dir='ltr'><strong>mentem</strong></span> 
     </span>
     <span class='ocr_line' id='line_1_6' title="bbox 136 947 1177 1033; baseline -0.001 -19"><span class='ocrx_word' id='word_1_38' title='bbox 136 949 271 1014; x_wconf 76' lang='lat' dir='ltr'><strong>Consilii</strong></span> <span class='ocrx_word' id='word_1_39' title='bbox 294 947 476 1023; x_wconf 72' lang='lat' dir='ltr'><strong>Tridentini,</strong></span> <span class='ocrx_word' id='word_1_40' title='bbox 501 947 587 1012; x_wconf 92' lang='lat' dir='ltr'><strong>nulla</strong></span> <span class='ocrx_word' id='word_1_41' title='bbox 610 967 692 1014; x_wconf 89' lang='lat' dir='ltr'><strong>nova</strong></span> <span class='ocrx_word' id='word_1_42' title='bbox 715 949 861 1033; x_wconf 84' lang='lat' dir='ltr'><strong>religiosa</strong></span> <span class='ocrx_word' id='word_1_43' title='bbox 888 947 1106 1033; x_wconf 77' lang='lat' dir='ltr'><strong>congregatio,</strong></span> <span class='ocrx_word' id='word_1_44' title='bbox 1175 967 1177 972; x_wconf 80' lang='grc'><strong>’</strong></span> 
     </span>
     <span class='ocr_line' id='line_1_7' title="bbox 135 1046 1107 1124; baseline -0.001 -12"><span class='ocrx_word' id='word_1_45' title='bbox 135 1049 205 1112; x_wconf 89' lang='lat' dir='ltr'><strong>sive</strong></span> <span class='ocrx_word' id='word_1_46' title='bbox 240 1046 387 1123; x_wconf 89' lang='lat' dir='ltr'><strong>virorum,</strong></span> <span class='ocrx_word' id='word_1_47' title='bbox 423 1046 487 1110; x_wconf 92' lang='lat' dir='ltr'><strong>sive</strong></span> <span class='ocrx_word' id='word_1_48' title='bbox 510 1047 686 1120; x_wconf 85' lang='lat' dir='ltr'><strong>mulierum,</strong></span> <span class='ocrx_word' id='word_1_49' title='bbox 718 1047 750 1111; x_wconf 90' lang='lat' dir='ltr'><strong>in</strong></span> <span class='ocrx_word' id='word_1_50' title='bbox 782 1047 896 1111; x_wconf 91' lang='lat' dir='ltr'><strong>nostris</strong></span> <span class='ocrx_word' id='word_1_51' title='bbox 927 1047 1107 1124; x_wconf 84' lang='lat' dir='ltr'><strong>Provinciis,</strong></span> 
     </span>
     <span class='ocr_line' id='line_1_8' title="bbox 137 1143 1106 1227; baseline -0.001 -16"><span class='ocrx_word' id='word_1_52' title='bbox 137 1146 257 1227; x_wconf 87' lang='lat' dir='ltr'><strong>absque</strong></span> <span class='ocrx_word' id='word_1_53' title='bbox 280 1143 434 1208; x_wconf 87' lang='lat' dir='ltr'><strong>Ordinarii</strong></span> <span class='ocrx_word' id='word_1_54' title='bbox 456 1144 582 1209; x_wconf 90' lang='lat' dir='ltr'><strong>licentia</strong></span> <span class='ocrx_word' id='word_1_55' title='bbox 605 1146 637 1208; x_wconf 91' lang='lat' dir='ltr'><strong>et</strong></span> <span class='ocrx_word' id='word_1_56' title='bbox 660 1163 800 1227; x_wconf 80' lang='lat' dir='ltr'><strong>expresso</strong></span> <span class='ocrx_word' id='word_1_57' title='bbox 824 1163 983 1221; x_wconf 86' lang='lat' dir='ltr'><strong>consensu,</strong></span> <span class='ocrx_word' id='word_1_58' title='bbox 996 1164 1032 1210; x_wconf 91' lang='lat' dir='ltr'><strong>ac</strong></span> <span class='ocrx_word' id='word_1_59' title='bbox 1047 1145 1106 1210; x_wconf 91' lang='lat' dir='ltr'><strong>nisi</strong></span> 
     </span>
    </p>
   </div>
   <div class='ocr_carea' id='block_1_4' title="bbox 18 1242 1198 1526">
    <p class='ocr_par' dir='ltr' id='par_1_4' title="bbox 18 1242 1198 1526">
     <span class='ocr_line' id='line_1_9' title="bbox 138 1242 1108 1325; baseline -0.002 -15"><span class='ocrx_word' id='word_1_60' title='bbox 138 1243 285 1310; x_wconf 91' lang='lat' dir='ltr'><strong>omnibus</strong></span> <span class='ocrx_word' id='word_1_61' title='bbox 308 1244 430 1306; x_wconf 90' lang='lat' dir='ltr'><strong>mature</strong></span> <span class='ocrx_word' id='word_1_62' title='bbox 454 1243 619 1324; x_wconf 81' lang='lat' dir='ltr'><strong>perpensis,</strong></span> <span class='ocrx_word' id='word_1_63' title='bbox 644 1244 770 1325; x_wconf 91' lang='lat' dir='ltr'><strong>propter</strong></span> <span class='ocrx_word' id='word_1_64' title='bbox 792 1242 962 1308; x_wconf 80' lang='lat' dir='ltr'><strong>evidentem</strong></span> <span class='ocrx_word' id='word_1_65' title='bbox 992 1243 1108 1308; x_wconf 91' lang='lat' dir='ltr'><strong>anima·</strong></span> 
     </span>
     <span class='ocr_line' id='line_1_10' title="bbox 18 1338 1107 1435; baseline -0.002 -29"><span class='ocrx_word' id='word_1_66' title='bbox 18 1361 22 1424; x_wconf 75' lang='lat'>3</span> <span class='ocrx_word' id='word_1_67' title='bbox 139 1361 212 1406; x_wconf 90' lang='lat' dir='ltr'><strong>rum</strong></span> <span class='ocrx_word' id='word_1_68' title='bbox 236 1340 418 1415; x_wconf 81' lang='lat' dir='ltr'><strong>utilitatem,</strong></span> <span class='ocrx_word' id='word_1_69' title='bbox 442 1340 637 1435; x_wconf 86' lang='lat' dir='ltr'><strong>instituatur.</strong></span> <span class='ocrx_word' id='word_1_70' title='bbox 669 1338 736 1420; x_wconf 80' lang='lat' dir='ltr'><strong>Quo</strong></span> <span class='ocrx_word' id='word_1_71' title='bbox 767 1341 798 1404; x_wconf 91' lang='lat' dir='ltr'><strong>in</strong></span> <span class='ocrx_word' id='word_1_72' title='bbox 822 1359 895 1405; x_wconf 89' lang='lat' dir='ltr'><strong>casu</strong></span> <span class='ocrx_word' id='word_1_73' title='bbox 926 1339 1107 1404; x_wconf 89' lang='lat' dir='ltr'><strong>Ordinarius</strong></span> 
     </span>
     <span class='ocr_line' id='line_1_11' title="bbox 89 1434 1198 1526; baseline -0.002 -22"><span class='ocrx_word' id='word_1_74' title='bbox 89 1517 93 1526; x_wconf 22' lang='grc' dir='ltr'>ι</span> <span class='ocrx_word' id='word_1_75' title='bbox 137 1440 229 1504; x_wconf 89' lang='lat' dir='ltr'><strong>curet</strong></span> <span class='ocrx_word' id='word_1_76' title='bbox 251 1438 327 1502; x_wconf 90' lang='lat' dir='ltr'><strong>totis</strong></span> <span class='ocrx_word' id='word_1_77' title='bbox 350 1437 476 1510; x_wconf 89' lang='lat' dir='ltr'><strong>viribus,</strong></span> <span class='ocrx_word' id='word_1_78' title='bbox 501 1438 538 1500; x_wconf 89' lang='lat' dir='ltr'><strong>ut</strong></span> <span class='ocrx_word' id='word_1_79' title='bbox 561 1455 640 1502; x_wconf 90' lang='lat' dir='ltr'><strong>nova</strong></span> <span class='ocrx_word' id='word_1_80' title='bbox 663 1434 870 1520; x_wconf 79' lang='lat' dir='ltr'><strong>Congregatio</strong></span> <span class='ocrx_word' id='word_1_81' title='bbox 894 1436 972 1502; x_wconf 89' lang='lat' dir='ltr'><strong>nihil</strong></span> <span class='ocrx_word' id='word_1_82' title='bbox 994 1437 1025 1501; x_wconf 95' lang='lat' dir='ltr'><strong>in</strong></span> <span class='ocrx_word' id='word_1_83' title='bbox 1042 1438 1106 1502; x_wconf 90' lang='lat' dir='ltr'><strong>suis</strong></span> <span class='ocrx_word' id='word_1_84' title='bbox 1195 1437 1198 1442; x_wconf 82' lang='grc'>’</span> 
     </span>
    </p>
   </div>
   <div class='ocr_carea' id='block_1_5' title="bbox 137 1533 1108 2498">
    <p class='ocr_par' dir='ltr' id='par_1_5' title="bbox 137 1533 1108 2498">
     <span class='ocr_line' id='line_1_12' title="bbox 138 1533 1106 1621; baseline 0 -21"><span class='ocrx_word' id='word_1_85' title='bbox 138 1537 271 1621; x_wconf 69' lang='lat' dir='ltr'><strong>legibus,</strong></span> <span class='ocrx_word' id='word_1_86' title='bbox 286 1535 447 1611; x_wconf 88' lang='lat' dir='ltr'><strong>admittat,</strong></span> <span class='ocrx_word' id='word_1_87' title='bbox 472 1535 610 1617; x_wconf 85' lang='lat' dir='ltr'><strong>nihilque</strong></span> <span class='ocrx_word' id='word_1_88' title='bbox 633 1534 673 1599; x_wconf 92' lang='lat' dir='ltr'><strong>ad</strong></span> <span class='ocrx_word' id='word_1_89' title='bbox 696 1536 815 1617; x_wconf 83' lang='lat' dir='ltr'><strong>praxim</strong></span> <span class='ocrx_word' id='word_1_90' title='bbox 832 1533 973 1605; x_wconf 89' lang='lat' dir='ltr'><strong>deducat,</strong></span> <span class='ocrx_word' id='word_1_91' title='bbox 990 1535 1106 1616; x_wconf 88' lang='lat' dir='ltr'><strong>quoda</strong></span> 
     </span>
     <span class='ocr_line' id='line_1_13' title="bbox 137 1633 1106 1720; baseline -0.002 -20"><span class='ocrx_word' id='word_1_92' title='bbox 137 1635 273 1720; x_wconf 89' lang='lat' dir='ltr'><strong>legibus,</strong></span> <span class='ocrx_word' id='word_1_93' title='bbox 298 1633 425 1697; x_wconf 90' lang='lat' dir='ltr'><strong>monitis</strong></span> <span class='ocrx_word' id='word_1_94' title='bbox 449 1652 485 1696; x_wconf 85' lang='lat' dir='ltr'><strong>uc</strong></span> <span class='ocrx_word' id='word_1_95' title='bbox 499 1634 602 1696; x_wconf 89' lang='lat' dir='ltr'><strong>mente</strong></span> <span class='ocrx_word' id='word_1_96' title='bbox 618 1633 751 1698; x_wconf 77' lang='lat' dir='ltr'><strong>Sanctae</strong></span> <span class='ocrx_word' id='word_1_97' title='bbox 768 1633 855 1698; x_wconf 89' lang='lat' dir='ltr'><strong>Sedis</strong></span> <span class='ocrx_word' id='word_1_98' title='bbox 875 1634 1106 1714; x_wconf 85' lang='lat' dir='ltr'><strong>quomodolibet</strong></span> 
     </span>
     <span class='ocr_line' id='line_1_14' title="bbox 139 1729 1107 1812; baseline 0 -16"><span class='ocrx_word' id='word_1_99' title='bbox 139 1732 282 1798; x_wconf 90' lang='lat' dir='ltr'><strong>declinet.</strong></span> <span class='ocrx_word' id='word_1_100' title='bbox 307 1729 407 1810; x_wconf 78' lang='lat' dir='ltr'><strong>Quare</strong></span> <span class='ocrx_word' id='word_1_101' title='bbox 429 1749 503 1812; x_wconf 88' lang='lat' dir='ltr'><strong>prae</strong></span> <span class='ocrx_word' id='word_1_102' title='bbox 530 1729 628 1794; x_wconf 88' lang='lat' dir='ltr'><strong>oculis</strong></span> <span class='ocrx_word' id='word_1_103' title='bbox 657 1729 830 1795; x_wconf 88' lang='lat' dir='ltr'><strong>habeantur</strong></span> <span class='ocrx_word' id='word_1_104' title='bbox 860 1731 1107 1796; x_wconf 79' lang='lat' dir='ltr'><strong>constitutiones</strong></span> 
     </span>
     <span class='ocr_line' id='line_1_15' title="bbox 138 1827 1107 1908; baseline -0.003 -13"><span class='ocrx_word' id='word_1_105' title='bbox 138 1849 160 1895; x_wconf 90' lang='lat' dir='ltr'><strong>a</strong></span> <span class='ocrx_word' id='word_1_106' title='bbox 184 1829 300 1895; x_wconf 90' lang='lat' dir='ltr'><strong>Sancta</strong></span> <span class='ocrx_word' id='word_1_107' title='bbox 325 1827 401 1892; x_wconf 85' lang='lat' dir='ltr'><strong>Sede</strong></span> <span class='ocrx_word' id='word_1_108' title='bbox 423 1827 572 1908; x_wconf 88' lang='lat' dir='ltr'><strong>probatae</strong></span> <span class='ocrx_word' id='word_1_109' title='bbox 593 1829 625 1891; x_wconf 91' lang='lat' dir='ltr'><strong>et</strong></span> <span class='ocrx_word' id='word_1_110' title='bbox 640 1827 761 1892; x_wconf 83' lang='lat' dir='ltr'><strong>decretu</strong></span> <span class='ocrx_word' id='word_1_111' title='bbox 776 1847 813 1892; x_wconf 93' lang='lat' dir='ltr'><strong>ac</strong></span> <span class='ocrx_word' id='word_1_112' title='bbox 828 1829 1107 1893; x_wconf 90' lang='lat' dir='ltr'><strong>animadversiones</strong></span> 
     </span>
     <span class='ocr_line' id='line_1_16' title="bbox 140 1927 1105 2014; baseline -0.003 -20"><span class='ocrx_word' id='word_1_113' title='bbox 140 1929 173 1994; x_wconf 91' lang='lat' dir='ltr'><strong>S.</strong></span> <span class='ocrx_word' id='word_1_114' title='bbox 198 1927 231 1992; x_wconf 82' lang='lat' dir='ltr'><strong>C.</strong></span> <span class='ocrx_word' id='word_1_115' title='bbox 256 1927 478 2009; x_wconf 81' lang='lat' dir='ltr'><strong>Episcoporum</strong></span> <span class='ocrx_word' id='word_1_116' title='bbox 501 1927 533 1990; x_wconf 92' lang='lat' dir='ltr'><strong>et</strong></span> <span class='ocrx_word' id='word_1_117' title='bbox 555 1927 769 2014; x_wconf 82' lang='lat' dir='ltr'><strong>Regularium,</strong></span> <span class='ocrx_word' id='word_1_118' title='bbox 794 1946 872 2009; x_wconf 91' lang='lat' dir='ltr'><strong>quae</strong></span> <span class='ocrx_word' id='word_1_119' title='bbox 899 1927 1055 1992; x_wconf 87' lang='lat' dir='ltr'><strong>habentur</strong></span> <span class='ocrx_word' id='word_1_120' title='bbox 1074 1927 1105 1992; x_wconf 93' lang='lat' dir='ltr'><strong>in</strong></span> 
     </span>
     <span class='ocr_line' id='line_1_17' title="bbox 143 2023 1107 2108; baseline 0.005 -24"><span class='ocrx_word' id='word_1_121' title='bbox 143 2051 163 2084; x_wconf 69' lang='lat' dir='ltr'><strong>e</strong></span> <span class='ocrx_word' id='word_1_122' title='bbox 180 2025 375 2091; x_wconf 85' lang='lat' dir='ltr'><strong>Colleotanea</strong></span> <span class='ocrx_word' id='word_1_123' title='bbox 391 2049 409 2083; x_wconf 83' lang='lat'>›</span> <span class='ocrx_word' id='word_1_124' title='bbox 428 2023 565 2088; x_wconf 89' lang='lat' dir='ltr'><strong>eiusdem</strong></span> <span class='ocrx_word' id='word_1_125' title='bbox 582 2023 611 2088; x_wconf 88' lang='lat' dir='ltr'><strong>S.</strong></span> <span class='ocrx_word' id='word_1_126' title='bbox 626 2025 891 2108; x_wconf 84' lang='lat' dir='ltr'><strong>Congregationis.</strong></span> <span class='ocrx_word' id='word_1_127' title='bbox 908 2025 1107 2090; x_wconf 82' lang='lat' dir='ltr'><strong>Meminerint</strong></span> 
     </span>
     <span class='ocr_line' id='line_1_18' title="bbox 139 2121 1105 2204; baseline 0 -16"><span class='ocrx_word' id='word_1_128' title='bbox 139 2124 268 2188; x_wconf 90' lang='lat' dir='ltr'><strong>tandem</strong></span> <span class='ocrx_word' id='word_1_129' title='bbox 280 2121 445 2197; x_wconf 88' lang='lat' dir='ltr'><strong>Ordinarii,</strong></span> <span class='ocrx_word' id='word_1_130' title='bbox 463 2123 628 2204; x_wconf 89' lang='lat' dir='ltr'><strong>postquam</strong></span> <span class='ocrx_word' id='word_1_131' title='bbox 644 2141 701 2186; x_wconf 89' lang='lat' dir='ltr'><strong>sua</strong></span> <span class='ocrx_word' id='word_1_132' title='bbox 717 2122 748 2186; x_wconf 92' lang='lat' dir='ltr'><strong>in</strong></span> <span class='ocrx_word' id='word_1_133' title='bbox 765 2123 904 2188; x_wconf 89' lang='lat' dir='ltr'><strong>Dioecesi</strong></span> <span class='ocrx_word' id='word_1_134' title='bbox 922 2124 1105 2188; x_wconf 89' lang='lat' dir='ltr'><strong>lnstitutum</strong></span> 
     </span>
     <span class='ocr_line' id='line_1_19' title="bbox 139 2219 1106 2302; baseline -0.002 -16"><span class='ocrx_word' id='word_1_135' title='bbox 139 2220 268 2302; x_wconf 91' lang='lat' dir='ltr'><strong>aliquod</strong></span> <span class='ocrx_word' id='word_1_136' title='bbox 291 2219 538 2301; x_wconf 84' lang='lat' dir='ltr'><strong>approbaverint,</strong></span> <span class='ocrx_word' id='word_1_137' title='bbox 563 2219 641 2282; x_wconf 91' lang='lat' dir='ltr'><strong>illud</strong></span> <span class='ocrx_word' id='word_1_138' title='bbox 665 2238 833 2300; x_wconf 90' lang='lat' dir='ltr'><strong>nunquam,</strong></span> <span class='ocrx_word' id='word_1_139' title='bbox 858 2221 922 2284; x_wconf 92' lang='lat' dir='ltr'><strong>sive</strong></span> <span class='ocrx_word' id='word_1_140' title='bbox 945 2239 963 2284; x_wconf 94' lang='lat' dir='ltr'><strong>a</strong></span> <span class='ocrx_word' id='word_1_141' title='bbox 987 2239 1019 2284; x_wconf 90' lang='lat' dir='ltr'><strong>se</strong></span> <span class='ocrx_word' id='word_1_142' title='bbox 1042 2220 1106 2285; x_wconf 92' lang='lat' dir='ltr'><strong>sive</strong></span> 
     </span>
     <span class='ocr_line' id='line_1_20' title="bbox 139 2317 1107 2399; baseline -0.003 -14"><span class='ocrx_word' id='word_1_143' title='bbox 139 2320 180 2385; x_wconf 89' lang='lat' dir='ltr'><strong>ab</strong></span> <span class='ocrx_word' id='word_1_144' title='bbox 204 2319 276 2392; x_wconf 89' lang='lat' dir='ltr'><strong>alio,</strong></span> <span class='ocrx_word' id='word_1_145' title='bbox 290 2317 444 2382; x_wconf 87' lang='lat' dir='ltr'><strong>ordinaria</strong></span> <span class='ocrx_word' id='word_1_146' title='bbox 460 2317 648 2381; x_wconf 86' lang='lat' dir='ltr'><strong>auctoritate</strong></span> <span class='ocrx_word' id='word_1_147' title='bbox 672 2335 760 2398; x_wconf 90' lang='lat' dir='ltr'><strong>posse</strong></span> <span class='ocrx_word' id='word_1_148' title='bbox 777 2318 937 2399; x_wconf 88' lang='lat' dir='ltr'><strong>supprimi,</strong></span> <span class='ocrx_word' id='word_1_149' title='bbox 955 2320 1107 2398; x_wconf 89' lang='lat' dir='ltr'><strong>quatenus</strong></span> 
     </span>
     <span class='ocr_line' id='line_1_21' title="bbox 137 2414 1108 2498; baseline -0.003 -16"><span class='ocrx_word' id='word_1_150' title='bbox 137 2417 257 2482; x_wconf 90' lang='lat' dir='ltr'><strong>scilicet</strong></span> <span class='ocrx_word' id='word_1_151' title='bbox 281 2415 311 2478; x_wconf 93' lang='lat' dir='ltr'><strong>id</strong></span> <span class='ocrx_word' id='word_1_152' title='bbox 335 2415 466 2496; x_wconf 91' lang='lat' dir='ltr'><strong>speciem</strong></span> <span class='ocrx_word' id='word_1_153' title='bbox 489 2414 628 2495; x_wconf 90' lang='lat' dir='ltr'><strong>aliquam</strong></span> <span class='ocrx_word' id='word_1_154' title='bbox 648 2415 845 2479; x_wconf 89' lang='lat' dir='ltr'><strong>alienationis</strong></span> <span class='ocrx_word' id='word_1_155' title='bbox 861 2417 1058 2498; x_wconf 85' lang='lat' dir='ltr'><strong>praeseferat,</strong></span> <span class='ocrx_word' id='word_1_156' title='bbox 1077 2417 1108 2480; x_wconf 90' lang='lat' dir='ltr'><strong>et</strong></span> 
     </span>
    </p>
   </div>
   <div class='ocr_carea' id='block_1_6' title="bbox 140 2509 1239 2595">
    <p class='ocr_par' dir='ltr' id='par_1_6' title="bbox 140 2509 1239 2595">
     <span class='ocr_line' id='line_1_22' title="bbox 140 2509 1239 2595; baseline -0.003 -16"><span class='ocrx_word' id='word_1_157' title='bbox 140 2514 208 2580; x_wconf 90' lang='lat' dir='ltr'><strong>ideo</strong></span> <span class='ocrx_word' id='word_1_158' title='bbox 230 2511 445 2594; x_wconf 83' lang='lat' dir='ltr'><strong>Apostolieum</strong></span> <span class='ocrx_word' id='word_1_159' title='bbox 465 2509 700 2592; x_wconf 88' lang='lat' dir='ltr'><strong>Beneplacitum</strong></span> <span class='ocrx_word' id='word_1_160' title='bbox 720 2513 859 2593; x_wconf 90' lang='lat' dir='ltr'><strong>requirat</strong></span> <span class='ocrx_word' id='word_1_161' title='bbox 873 2536 890 2570; x_wconf 81' lang='lat'><strong>»</strong></span> <span class='ocrx_word' id='word_1_162' title='bbox 918 2513 982 2595; x_wconf 85' lang='lat' dir='ltr'><strong>(lta</strong></span> <span class='ocrx_word' id='word_1_163' title='bbox 1017 2512 1107 2577; x_wconf 80' lang='lat' dir='ltr'><strong>Cone.</strong></span> <span class='ocrx_word' id='word_1_164' title='bbox 1237 2579 1239 2584; x_wconf 66' lang='grc'>,</span> 
     </span>
    </p>
   </div>
   <div class='ocr_carea' id='block_1_7' title="bbox 105 2608 1107 3769">
    <p class='ocr_par' dir='ltr' id='par_1_7' title="bbox 138 2608 626 2692">
     <span class='ocr_line' id='line_1_23' title="bbox 138 2608 626 2692; baseline -0.008 -16"><span class='ocrx_word' id='word_1_165' title='bbox 138 2611 227 2676; x_wconf 92' lang='lat' dir='ltr'><strong>Plen.</strong></span> <span class='ocrx_word' id='word_1_166' title='bbox 251 2609 322 2674; x_wconf 89' lang='lat' dir='ltr'><strong>Am.</strong></span> <span class='ocrx_word' id='word_1_167' title='bbox 346 2608 427 2683; x_wconf 86' lang='lat' dir='ltr'><strong>Lat,</strong></span> <span class='ocrx_word' id='word_1_168' title='bbox 452 2609 511 2672; x_wconf 87' lang='lat' dir='ltr'><strong>art.</strong></span> <span class='ocrx_word' id='word_1_169' title='bbox 537 2609 626 2692; x_wconf 86' lang='lat'><strong>322).</strong></span> 
     </span>
    </p>

    <p class='ocr_par' dir='ltr' id='par_1_8' title="bbox 105 2705 1107 3769">
     <span class='ocr_line' id='line_1_24' title="bbox 185 2705 1107 2790; baseline 0.001 -18"><span class='ocrx_word' id='word_1_170' title='bbox 185 2707 261 2772; x_wconf 85' lang='grc'><strong>947.</strong></span> <span class='ocrx_word' id='word_1_171' title='bbox 286 2743 328 2754; x_wconf 93' lang='grc'>-</span> <span class='ocrx_word' id='word_1_172' title='bbox 358 2706 399 2769; x_wconf 91' lang='grc' dir='ltr'><strong>ΙΙ.</strong></span> <span class='ocrx_word' id='word_1_173' title='bbox 432 2705 520 2770; x_wconf 92' lang='lat' dir='ltr'><strong>Unde</strong></span> <span class='ocrx_word' id='word_1_174' title='bbox 549 2707 693 2788; x_wconf 90' lang='lat' dir='ltr'><strong>prohibet</strong></span> <span class='ocrx_word' id='word_1_175' title='bbox 735 2733 751 2766; x_wconf 83' lang='lat'><strong>‹</strong></span> <span class='ocrx_word' id='word_1_176' title='bbox 787 2709 861 2773; x_wconf 89' lang='lat' dir='ltr'><strong>vota</strong></span> <span class='ocrx_word' id='word_1_177' title='bbox 892 2727 980 2790; x_wconf 90' lang='lat' dir='ltr'><strong>quae,</strong></span> <span class='ocrx_word' id='word_1_178' title='bbox 1011 2708 1107 2774; x_wconf 87' lang='lat' dir='ltr'><strong>inscio</strong></span> 
     </span>
     <span class='ocr_line' id='line_1_25' title="bbox 139 2803 1107 2888; baseline 0 -18"><span class='ocrx_word' id='word_1_179' title='bbox 139 2806 273 2870; x_wconf 90' lang='lat' dir='ltr'><strong>autnon</strong></span> <span class='ocrx_word' id='word_1_180' title='bbox 288 2803 479 2886; x_wconf 90' lang='lat' dir='ltr'><strong>approbante</strong></span> <span class='ocrx_word' id='word_1_181' title='bbox 494 2803 656 2887; x_wconf 84' lang='lat' dir='ltr'><strong>Episcopo,</strong></span> <span class='ocrx_word' id='word_1_182' title='bbox 681 2805 813 2869; x_wconf 89' lang='lat' dir='ltr'><strong>edantur</strong></span> <span class='ocrx_word' id='word_1_183' title='bbox 828 2824 847 2868; x_wconf 89' lang='lat' dir='ltr'><strong>a</strong></span> <span class='ocrx_word' id='word_1_184' title='bbox 863 2805 1107 2888; x_wconf 88' lang='lat' dir='ltr'><strong>quibuscumque</strong></span> 
     </span>
     <span class='ocr_line' id='line_1_26' title="bbox 138 2901 1107 2986; baseline 0.002 -20"><span class='ocrx_word' id='word_1_185' title='bbox 138 2902 292 2978; x_wconf 87' lang='lat' dir='ltr'><strong>fidelibus,</strong></span> <span class='ocrx_word' id='word_1_186' title='bbox 327 2903 490 2982; x_wconf 88' lang='lat' dir='ltr'><strong>tamquam</strong></span> <span class='ocrx_word' id='word_1_187' title='bbox 516 2901 664 2965; x_wconf 88' lang='lat' dir='ltr'><strong>membris</strong></span> <span class='ocrx_word' id='word_1_188' title='bbox 690 2903 822 2968; x_wconf 88' lang='lat' dir='ltr'><strong>alicuius</strong></span> <span class='ocrx_word' id='word_1_189' title='bbox 850 2901 1107 2986; x_wconf 77' lang='lat' dir='ltr'><strong>Congregationis</strong></span> 
     </span>
     <span class='ocr_line' id='line_1_27' title="bbox 140 2999 1106 3084; baseline 0 -19"><span class='ocrx_word' id='word_1_190' title='bbox 140 3003 288 3065; x_wconf 92' lang='lat' dir='ltr'><strong>votorum</strong></span> <span class='ocrx_word' id='word_1_191' title='bbox 298 3018 300 3024; x_wconf 90' lang='lat'>·</span> <span class='ocrx_word' id='word_1_192' title='bbox 311 2999 513 3081; x_wconf 89' lang='lat' dir='ltr'><strong>simplicium:</strong></span> <span class='ocrx_word' id='word_1_193' title='bbox 538 3000 633 3064; x_wconf 89' lang='lat' dir='ltr'><strong>salvis</strong></span> <span class='ocrx_word' id='word_1_194' title='bbox 649 3001 753 3064; x_wconf 90' lang='lat' dir='ltr'><strong>tamen</strong></span> <span class='ocrx_word' id='word_1_195' title='bbox 769 3001 940 3084; x_wconf 85' lang='lat' dir='ltr'><strong>privilegiis</strong></span> <span class='ocrx_word' id='word_1_196' title='bbox 956 3019 974 3064; x_wconf 94' lang='lat' dir='ltr'><strong>a</strong></span> <span class='ocrx_word' id='word_1_197' title='bbox 992 3001 1106 3066; x_wconf 87' lang='lat' dir='ltr'><strong>Sancta</strong></span> 
     </span>
     <span class='ocr_line' id='line_1_28' title="bbox 138 3097 1106 3174; baseline 0.001 -12"><span class='ocrx_word' id='word_1_198' title='bbox 138 3097 216 3163; x_wconf 86' lang='lat' dir='ltr'><strong>Sede</strong></span> <span class='ocrx_word' id='word_1_199' title='bbox 239 3097 333 3162; x_wconf 90' lang='lat' dir='ltr'><strong>alicui</strong></span> <span class='ocrx_word' id='word_1_200' title='bbox 355 3097 506 3160; x_wconf 82' lang='lat' dir='ltr'><strong>instituto</strong></span> <span class='ocrx_word' id='word_1_201' title='bbox 529 3097 690 3162; x_wconf 86' lang='lat' dir='ltr'><strong>concessis.</strong></span> <span class='ocrx_word' id='word_1_202' title='bbox 715 3097 834 3162; x_wconf 89' lang='lat' dir='ltr'><strong>Scitum</strong></span> <span class='ocrx_word' id='word_1_203' title='bbox 858 3117 928 3163; x_wconf 92' lang='lat' dir='ltr'><strong>vero</strong></span> <span class='ocrx_word' id='word_1_204' title='bbox 952 3099 1003 3174; x_wconf 90' lang='lat' dir='ltr'><strong>sit,</strong></span> <span class='ocrx_word' id='word_1_205' title='bbox 1032 3101 1106 3163; x_wconf 91' lang='lat' dir='ltr'><strong>vota</strong></span> 
     </span>
     <span class='ocr_line' id='line_1_29' title="bbox 142 3193 1106 3279; baseline 0.005 -25"><span class='ocrx_word' id='word_1_206' title='bbox 142 3195 377 3277; x_wconf 81' lang='lat' dir='ltr'><strong>«simplicia»,</strong></span> <span class='ocrx_word' id='word_1_207' title='bbox 402 3193 534 3275; x_wconf 90' lang='lat' dir='ltr'><strong>quaein</strong></span> <span class='ocrx_word' id='word_1_208' title='bbox 560 3195 718 3258; x_wconf 84' lang='lat' dir='ltr'><strong>lnstrtutis</strong></span> <span class='ocrx_word' id='word_1_209' title='bbox 741 3195 833 3258; x_wconf 89' lang='lat' dir='ltr'><strong>huius</strong></span> <span class='ocrx_word' id='word_1_210' title='bbox 856 3195 985 3279; x_wconf 86' lang='lat' dir='ltr'><strong>generis,</strong></span> <span class='ocrx_word' id='word_1_211' title='bbox 1010 3195 1106 3259; x_wconf 86' lang='lat' dir='ltr'><strong>etiam</strong></span> 
     </span>
     <span class='ocr_line' id='line_1_30' title="bbox 138 3290 1103 3374; baseline -0.005 -17"><span class='ocrx_word' id='word_1_212' title='bbox 138 3294 179 3357; x_wconf 91' lang='lat' dir='ltr'><strong>ab</strong></span> <span class='ocrx_word' id='word_1_213' title='bbox 208 3291 385 3374; x_wconf 85' lang='lat' dir='ltr'><strong>Apostolica</strong></span> <span class='ocrx_word' id='word_1_214' title='bbox 418 3290 494 3354; x_wconf 89' lang='lat' dir='ltr'><strong>Sede</strong></span> <span class='ocrx_word' id='word_1_215' title='bbox 525 3291 714 3372; x_wconf 85' lang='lat' dir='ltr'><strong>approbatis,</strong></span> <span class='ocrx_word' id='word_1_216' title='bbox 746 3292 810 3356; x_wconf 90' lang='lat' dir='ltr'><strong>sive</strong></span> <span class='ocrx_word' id='word_1_217' title='bbox 844 3316 862 3352; x_wconf 80' lang='grc'><strong>«</strong></span> <span class='ocrx_word' id='word_1_218' title='bbox 878 3293 918 3357; x_wconf 92' lang='lat' dir='ltr'><strong>ad</strong></span> <span class='ocrx_word' id='word_1_219' title='bbox 946 3295 1069 3374; x_wconf 90' lang='lat' dir='ltr'><strong>tempus</strong></span> <span class='ocrx_word' id='word_1_220' title='bbox 1086 3317 1103 3352; x_wconf 65' lang='lat' dir='ltr'><strong>o</strong></span> 
     </span>
     <span class='ocr_line' id='line_1_31' title="bbox 137 3390 1107 3472; baseline 0 -17"><span class='ocrx_word' id='word_1_221' title='bbox 137 3391 204 3455; x_wconf 89' lang='lat' dir='ltr'><strong>sive</strong></span> <span class='ocrx_word' id='word_1_222' title='bbox 231 3390 505 3472; x_wconf 81' lang='lat' dir='ltr'><strong>«inperpetuum</strong></span> <span class='ocrx_word' id='word_1_223' title='bbox 521 3412 539 3447; x_wconf 79' lang='lat'><strong>&gt;</strong></span> <span class='ocrx_word' id='word_1_224' title='bbox 571 3391 799 3471; x_wconf 87' lang='lat' dir='ltr'><strong>nuncupantur,</strong></span> <span class='ocrx_word' id='word_1_225' title='bbox 831 3409 950 3472; x_wconf 91' lang='lat' dir='ltr'><strong>semper</strong></span> <span class='ocrx_word' id='word_1_226' title='bbox 980 3390 1044 3455; x_wconf 88' lang='lat' dir='ltr'><strong>fore</strong></span> <span class='ocrx_word' id='word_1_227' title='bbox 1075 3394 1107 3455; x_wconf 87' lang='lat' dir='ltr'><strong>et</strong></span> 
     </span>
     <span class='ocr_line' id='line_1_32' title="bbox 105 3485 1106 3571; baseline 0 -19"><span class='ocrx_word' id='word_1_228' title='bbox 105 3557 113 3571; x_wconf 58' lang='lat'><strong>,</strong></span> <span class='ocrx_word' id='word_1_229' title='bbox 138 3506 263 3552; x_wconf 89' lang='lat' dir='ltr'><strong>manere</strong></span> <span class='ocrx_word' id='word_1_230' title='bbox 290 3511 308 3545; x_wconf 81' lang='lat'><strong>«</strong></span> <span class='ocrx_word' id='word_1_231' title='bbox 324 3485 477 3569; x_wconf 85' lang='lat' dir='ltr'><strong>simplicia</strong></span> <span class='ocrx_word' id='word_1_232' title='bbox 493 3510 512 3545; x_wconf 83' lang='lat'><strong>»</strong></span> <span class='ocrx_word' id='word_1_233' title='bbox 538 3505 574 3550; x_wconf 89' lang='lat' dir='ltr'><strong>ac</strong></span> <span class='ocrx_word' id='word_1_234' title='bbox 597 3505 756 3568; x_wconf 91' lang='lat' dir='ltr'><strong>nunquam</strong></span> <span class='ocrx_word' id='word_1_235' title='bbox 780 3488 929 3554; x_wconf 91' lang='lat' dir='ltr'><strong>solemnia</strong></span> <span class='ocrx_word' id='word_1_236' title='bbox 953 3507 1018 3554; x_wconf 89' lang='lat' dir='ltr'><strong>esse</strong></span> <span class='ocrx_word' id='word_1_237' title='bbox 1034 3507 1106 3553; x_wconf 88' lang='lat' dir='ltr'><strong>eva-</strong></span> 
     </span>
     <span class='ocr_line' id='line_1_33' title="bbox 138 3584 1107 3668; baseline 0 -17"><span class='ocrx_word' id='word_1_238' title='bbox 138 3605 222 3651; x_wconf 91' lang='lat' dir='ltr'><strong>sura.</strong></span> <span class='ocrx_word' id='word_1_239' title='bbox 247 3584 407 3660; x_wconf 82' lang='lat' dir='ltr'><strong>Attamen,</strong></span> <span class='ocrx_word' id='word_1_240' title='bbox 432 3603 502 3648; x_wconf 91' lang='lat' dir='ltr'><strong>cum</strong></span> <span class='ocrx_word' id='word_1_241' title='bbox 526 3584 601 3648; x_wconf 90' lang='lat' dir='ltr'><strong>haec</strong></span> <span class='ocrx_word' id='word_1_242' title='bbox 624 3587 698 3649; x_wconf 87' lang='lat' dir='ltr'><strong>vota</strong></span> <span class='ocrx_word' id='word_1_243' title='bbox 722 3604 782 3650; x_wconf 94' lang='lat' dir='ltr'><strong>non</strong></span> <span class='ocrx_word' id='word_1_244' title='bbox 805 3587 869 3650; x_wconf 92' lang='lat' dir='ltr'><strong>sint</strong></span> <span class='ocrx_word' id='word_1_245' title='bbox 891 3588 1013 3668; x_wconf 90' lang='lat' dir='ltr'><strong>private</strong></span> <span class='ocrx_word' id='word_1_246' title='bbox 1035 3587 1107 3651; x_wconf 91' lang='lat' dir='ltr'><strong>sim·</strong></span> 
     </span>
     <span class='ocr_line' id='line_1_34' title="bbox 138 3682 1107 3769; baseline 0.002 -22"><span class='ocrx_word' id='word_1_247' title='bbox 138 3685 241 3768; x_wconf 86' lang='lat' dir='ltr'><strong>plicia,</strong></span> <span class='ocrx_word' id='word_1_248' title='bbox 267 3683 438 3765; x_wconf 88' lang='lat' dir='ltr'><strong>dispensari</strong></span> <span class='ocrx_word' id='word_1_249' title='bbox 461 3685 618 3766; x_wconf 83' lang='lat' dir='ltr'><strong>nequeunt</strong></span> <span class='ocrx_word' id='word_1_250' title='bbox 641 3683 680 3746; x_wconf 88' lang='lat' dir='ltr'><strong>ab</strong></span> <span class='ocrx_word' id='word_1_251' title='bbox 703 3682 776 3760; x_wconf 89' lang='lat' dir='ltr'><strong>illis,</strong></span> <span class='ocrx_word' id='word_1_252' title='bbox 794 3684 848 3766; x_wconf 90' lang='lat' dir='ltr'><strong>qui</strong></span> <span class='ocrx_word' id='word_1_253' title='bbox 870 3686 1046 3769; x_wconf 87' lang='lat' dir='ltr'><strong>generalem</strong></span> <span class='ocrx_word' id='word_1_254' title='bbox 1068 3685 1107 3749; x_wconf 94' lang='lat' dir='ltr'><strong>li-</strong></span> 
     </span>
    </p>
   </div>
   <div class='ocr_carea' id='block_1_8' title="bbox 0 0 1385 4270">
    <p class='ocr_par' dir='ltr' id='par_1_9' title="bbox 0 0 1385 4270">
     <span class='ocr_line' id='line_1_35' title="bbox 0 0 1385 4270; baseline 0 0"><span class='ocrx_word' id='word_1_255' title='bbox 0 0 1385 4270; x_wconf 95' lang='lat' dir='ltr'><strong> </strong></span> 
     </span>
    </p>
   </div>
  </div>
 </body>
</html>
