2818 4276
330 257 379 310 122
513 259 687 308 ualemus
710 259 749 305 DE
774 257 964 306 mummolum
987 257 1109 305 ORDINIS

327 479 362 524 ac
386 461 613 524 sacramentum
637 457 886 523 Confirmatiouis
909 459 1052 533 conferre,
1077 461 1109 522 et
1129 459 1292 524 ministros

327 558 479 621 Ecclesiae
503 559 632 640 possunt
656 557 922 637 ordinatamque
946 555 1008 619 alia
1032 556 1177 637 pleraque
1200 576 1291 638 pera·

326 675 407 738 gere,
433 673 563 736 quarum
596 654 788 718 functionum
819 656 1007 736 potestatem
1031 654 1151 718 nullam
1174 655 1300 720 habeut

326 753 478 816 inferioris
502 751 617 816 ordinis
640 751 777 814 Ministri
800 749 876 831 (cfr.
900 771 930 813 u.
956 751 1123 830 659-664).
1382 817 1383 826 ,

372 849 447 914 371.
479 887 522 896 -
553 849 594 912 Il.
619 849 788 931 Episcopus
818 853 865 912 est
889 847 977 928 filiae
1003 849 1158 930 altaeripae
1187 849 1296 930 frater
1382 839 1383 842 ¹

327 947 461 1029 supremi
489 947 641 1029 Episcopi,
667 947 719 1010 sed
742 945 792 1009 lric
814 946 1040 1030 primogenitus
1066 949 1098 1012 et
1123 950 1220 1032 caput
1245 950 1292 1012 est

328 1046 465 1108 omnium
482 1045 710 1126 Episcoporum,
725 1045 835 1109 Pastor
858 1048 1029 1128 pastorum,
1043 1047 1137 1112 Pater
1152 1049 1294 1129 patrum,

326 1142 494 1224 Supremus
515 1142 718 1207 Hierarcha...

372 1242 446 1304 372.
465 1279 508 1288 -
527 1241 584 1304 Ill.
609 1241 777 1323 Episcopus
800 1241 912 1306 habere
935 1242 1025 1308 debet
1048 1244 1079 1308 et
1102 1243 1247 1307 ordinem
1262 1245 1297 1306 et
1383 1321 1384 1334 ἵ

327 1340 571 1404 iurisdictionem
586 1341 624 1403 ut
637 1341 774 1418 postoris
789 1359 902 1403 munus
914 1359 1049 1405 exercere
1065 1341 1173 1423 possit.
1383 1335 1384 1366 ³

372 1437 447 1500 373.
472 1473 515 1482 —
538 1437 593 1500 IV.
617 1435 738 1499 Nullus
761 1435 934 1517 Episcopus
964 1457 1070 1500 cerem
1100 1438 1294 1502 iurisdietio-

326 1555 397 1598 aem
413 1534 524 1598 hebere
535 1538 638 1614 potest
651 1533 767 1614 absque
781 1535 1013 1614 approbatione,
1025 1541 1083 1598 aut
1096 1535 1208 1600 saliem
1225 1555 1297 1600 ecoe
1382 1581 1383 1588 ,

329 1653 422 1697 sensa
437 1632 577 1696 Romam
592 1631 769 1712 Pontificio.
786 1631 874 1696 Unde
897 1633 950 1714 qui
973 1633 1189 1699 tantummodo
1205 1653 1226 1699 a
1243 1653 1299 1716 po·
1382 1631 1383 1646 ³

255 1763 261 1780 ,
326 1732 410 1814 pulo,
428 1733 484 1795 aut
500 1729 650 1794 saeculari
674 1731 839 1811 potestate,
864 1749 900 1794 ac
922 1732 1112 1815 magistratu
1129 1732 1247 1809 vocati,
1264 1732 1296 1796 et

327 1830 464 1894 instituti
477 1829 516 1892 ad
528 1829 603 1892 haec
611 1828 782 1892 ministeria
795 1828 1000 1894 ecelesiastica
1012 1829 1178 1894 exercendo
1190 1849 1297 1894 ascen·

328 1929 437 1991 (lunt...
453 1928 590 1991 latrones
613 1945 666 2008 per
689 1927 805 1990 ostium
821 1945 881 1991 nou
904 1927 1032 2010 ingressi
1050 1925 1182 1990 habendi
1205 1929 1296 1992 suut.
1382 1955 1383 1960 ¹

332 2062 367 2074 -
383 2025 471 2090 Unde
486 2025 596 2088 merito
613 2024 688 2090 Pius
707 2025 749 2088 lX
765 2025 926 2090 damnavit
950 2045 985 2090 ao
1008 2023 1184 2107 reprobavit
1200 2026 1295 2090 sacri·
1384 2027 1385 2102 l

326 2126 429 2209 legam
446 2123 670 2187 ordinationem
686 2123 848 2204 apostatae
865 2123 1017 2187 Reiukous
1034 2123 1297 2188 veterum-catho-

327 2224 456 2286 licorum
470 2219 622 2302 Episcopi.
640 2257 683 2265 —
694 2219 847 2283 Arsurum
864 2220 1021 2300 episeopus
1036 2217 1138 2282 aalide
1153 2219 1210 2282 sed
1224 2219 1295 2283 illi-

328 2321 386 2383 cite
405 2318 569 2382 ordinatus
584 2338 652 2381 cere
669 2318 796 2380 ordinat
810 2322 840 2380 et
854 2323 1021 2392 consecrat,
1039 2317 1092 2382 sed
1107 2317 1297 2401 gravissime

327 2417 442 2498 peccat.
880 2417 882 2422 ’

352 2743 439 2808 CAP.
457 2743 513 2806 Ill.
531 2744 645 2806 —DE
668 2742 946 2808 PRESBYTERIS
970 2743 1021 2808 ET
1045 2742 1260 2808 MINISTRIS
1385 2755 1386 2758 ’

375 2989 450 3058 374’.
467 3031 510 3040 --
527 2995 552 3058 Ι.
569 2991 766 3076 Presbyteri,
779 2996 816 3057 ut
828 2992 946 3056 dictum
964 2995 1020 3069 est,
1034 2993 1107 3058 sient
1123 3012 1158 3057 ex
1174 2993 1297 3058 ordina·

330 3095 413 3160 tione
430 3093 534 3156 divina
549 3092 707 3156 inferiores
730 3091 899 3174 Episcopis.
915 3129 958 3138 —
975 3091 1016 3154 ΙΙ.
1033 3091 1174 3156 Primum
1190 3091 1297 3156 Sacer-

330 3193 440 3258 dotum
456 3209 569 3254 munus
581 3190 661 3254 circa
673 3189 913 3253 Eucharistiam'
926 3191 1067 3253 versatur

376 3290 451 3353 375.
478 3325 517 3335 -
543 3285 670 3356 Elaeoni
687 3288 721 3354 ei
741 3285 875 3355 llinislrl
900 3286 974 3370 (vid.
993 3286 1099 3352 Ttecl.
1115 3287 1228 3371 Moe).
1253 3288 1297 3351 m

331 3389 380 3452 hic
402 3389 477 3453 uota
501 3386 583 3469 quod
606 3386 646 3449 ad
670 3385 806 3450 ordinem
822 3384 1046 3449 hierarchicum
1062 3385 1183 3468 proprie
1198 3385 1296 3468 perti·

330 3488 405 3550 nent
428 3484 539 3549 saltem
570 3483 724 3565 Episcopi,
756 3482 932 3566 Presbyteri
956 3485 987 3546 et
1010 3481 1149 3546 Diaecni.
1176 3483 1294 3548 Saltem

331 3584 412 3647 enim
443 3581 573 3646 Diaconi
603 3579 725 3644 nomine
760 3579 987 3644 Ministrorem
1011 3580 1042 3642 iu
1066 3598 1158 3644 seusu
1181 3579 1297 3644 triden-

331 3681 398 3744 tino
421 3677 556 3760 intelligi
579 3676 690 3742 debent
713 3676 768 3758 (ea
783 3677 882 3756 capite
897 3675 1020 3740 ordines
1035 3675 1250 3760 hierarchoei).
