2758 4270
297 235 362 282 GAP.
387 237 415 280 V.
440 237 480 283 Dii
505 238 660 285 lllONACHlS
682 239 721 285 ΕΤ
744 241 960 290 annuntiamus
1060 243 1114 296 295

356 473 434 538 Anu.
458 475 513 538 IV.
538 473 588 540 lle
611 477 908 560 exemptionibus.

189 671 270 736 871.
295 711 333 720 -
361 674 579 754 exemptiones
606 677 817 757 botularium.
834 677 918 748 -,Ι.
935 677 1115 760 Exceptio

138 774 195 836 nis
220 771 262 834 od
274 771 424 851 Episcopi
447 773 661 838 iurisdictione
676 774 710 855 (‹
727 775 814 838 ouius
831 777 953 840 utilitas
977 777 1116 842 ccclesia·

138 873 233 936 stieis
250 871 471 943 sanctionibus,
488 871 640 955 longaque
656 873 850 960 saeculorum
875 875 1010 955 plurium
1027 895 1116 958 expe-

138 969 270 1046 rientia,
300 971 331 1032 et
355 969 403 1032 vel
426 970 492 1052 ipso
522 969 745 1034 haereticorum
769 973 801 1034 ct
832 973 1058 1038 incredulorum
1083 975 1114 1038 in

190 1199 254 1253 Vll.
270 1200 347 1254 Haec
360 1200 394 1254 de
407 1199 473 1252 filiis
493 1200 664 1255 monasterio
678 1200 830 1256 offerendis
850 1201 1001 1270 disciplina
1023 1203 1116 1272 viguit

140 1305 236 1358 usque
255 1289 291 1342 ad
310 1291 434 1343 aetatem
454 1287 548 1366 Papae
568 1288 719 1344 coelestini
733 1292 782 1356 ΙΙΙ,
798 1292 846 1360 qui
861 1309 924 1346 eam
943 1293 1116 1348 moderatius

136 1379 328 1446 temperavit,
348 1378 425 1432 dicta
444 1377 560 1446 legant
580 1396 649 1446 puer
668 1381 841 1435 monasterio
861 1381 982 1446 oblatus,
997 1399 1060 1435 enm
1080 1381 1134 1435 ad'

143 1485 238 1522 annos
258 1467 435 1522 discretionis
455 1469 624 1536 pervenerit,
648 1474 677 1524 et
699 1470 827 1524 habitum
848 1472 969 1525 retinere
993 1470 1116 1526 noluerit

143 1557 353 1620 monachalem,
368 1557 390 1610 si
405 1556 506 1612 adhoc
525 1557 620 1610 inddoi
641 1559 809 1628 nequiverit,
830 1577 886 1614 non
906 1563 950 1614 est
972 1559 1116 1614 ullatenus

143 1646 368 1714 compellendus,
388 1648 429 1701 uti
464 1649 604 1702 sancitum
624 1653 666 1702 est
686 1665 748 1717 cap.
770 1650 803 1702 14
822 1650 855 1704 dc
874 1650 983 1719 Rapui,
1003 1652 1032 1703 et
1051 1665 1116 1702 oon·
1136 1708 1145 1722 1

144 1737 237 1792 sentit
256 1737 350 1790 innoc.
376 1737 426 1796 Ill,
445 1735 493 1790 lib.
515 1737 556 1789 15.
577 1737 658 1804 epist.
682 1738 732 1791 116
753 1738 789 1790 ad
808 1737 902 1806 Episc.
932 1738 1018 1807 Lugd.
1038 1735 1117 1792 Licet

146 1830 244 1880 autem
265 1825 439 1880 Coclestinus
458 1825 524 1878 huic
543 1826 710 1894 disciplinae
730 1827 845 1881 modum
865 1827 1039 1896 imposuerit,
1059 1845 1117 1881 non

147 1933 210 1972 eam
224 1920 322 1970 tamen
341 1917 456 1969 sustulit
469 1920 518 1970 aut
532 1917 697 1986 abrogavit:
718 1917 843 1985 quinimo
862 1919 1046 1975 nuncetiam,
1061 1917 1116 1970 nisi

147 2006 264 2060 obstent
275 2008 304 2058 et
328 2003 487 2072 impediant
506 2006 662 2072 peculiares
681 2006 768 2075 leges,
790 2007 891 2073 quibus
911 2005 1054 2075 regularia
1072 2006 1118 2058 in·

147 2095 251 2150 stituta
270 2098 414 2163 reguntur,
435 2098 484 2149 aut
503 2095 674 2150 recentiores
693 2095 775 2149 Pont.
797 2095 1029 2162 constitutiones,
1044 2111 1117 2162 quae

146 2185 182 2238 iis
202 2188 325 2248 tantum,
345 2185 393 2252 qui
413 2188 520 2238 certam
552 2189 675 2240 aetatem
696 2185 773 2239 nacti
794 2189 869 2247 sunt,
891 2185 921 2238 in
944 2183 1118 2239 monasteria

147 2277 315 2343 pernoctare
329 2272 425 2327 sinunt
439 2271 476 2336 (⁴¹)
491 2274 644 2328 secundum
656 2275 699 2328 ius
714 2275 903 2328 Decretalium
925 2275 1044 2328 vetitum
1058 2263 1115 2328 non

147 2368 191 2419 est
211 2363 311 2418 offerre
333 2363 405 2417 filios
434 2363 593 2432 impuberes
624 2365 799 2418 monasticae
820 2365 895 2418 vitae
915 2364 1055 2428 instituto,
1075 2359 1116 2416 in'-

147 2457 229 2522 tegno
250 2470 360 2522 semper
379 2453 447 2518 iure,
467 2455 540 2522 quod
557 2454 591 2508 de
611 2458 706 2510 aetate
734 2471 766 2508 ac
790 2458 917 2523 tempore
936 2453 1068 2522 tyrocinii
1088 2456 1118 2506 et

146 2542 333 2612 professionis
358 2559 375 2596 a
401 2541 513 2610 Synodo
533 2541 609 2596 Trid.
631 2543 817 2598 constitutum
837 2547 888 2598 est.
909 2542 986 2608 Quae
1008 2543 1116 2598 oblatio

147 2627 238 2687 officit
257 2631 387 2699 primum,
403 2634 434 2685 ut
449 2631 523 2684 filius
541 2631 672 2700 impuber
695 2650 711 2686 a
737 2631 885 2701 Religione
904 2632 991 2700 recipi
1011 2631 1117 2700 possit;

147 2721 250 2778 deinde
269 2725 302 2774 ut
320 2725 403 2788 pater
421 2721 450 2774 in
470 2721 562 2788 ipsum
582 2721 678 2790 patria
697 2726 841 2790 potest-ate
864 2722 985 2790 amplius
1005 2721 1047 2776 uti
1067 2715 1117 2776 ne·

220 2881 254 2933 (*)
269 2881 291 2922 S.
306 2881 329 2922 C.
342 2881 388 2922 ΕΕ,
400 2880 484 2922 etna.
494 2879 521 2920 16
532 2879 592 2920 Maii
606 2879 679 2920 1675:
694 2893 707 2918 «
717 2879 751 2918 Ex
766 2876 862 2930 speciali
878 2877 988 2918 mandato
1002 2876 1074 2918 ssmi
1089 2876 1116 2917 D.

147 2956 176 2999 N.
196 2955 323 2997 Clementis
342 2952 372 3000 X,
398 2951 576 3006 hocprnesenti
602 2951 670 2992 Decr.
697 2950 719 2991 in
736 2950 822 2990 virtute
847 2955 943 2990 sanctae
968 2947 1116 2990 obedieutiae

146 3027 263 3082 praecipit
278 3021 384 3066 omnibus
399 3028 423 3064 et
437 3023 535 3076 singulis
550 3020 740 3076 Superioribus...
755 3021 819 3062 utde
834 3025 929 3062 caetero
943 3020 1059 3061 nemiuem
1075 3031 1117 3074 pro

147 3097 267 3146 Tertiarii,
283 3095 321 3138 vel
335 3094 432 3148 Oblatis,
450 3106 491 3136 seu
507 3093 612 3146 boantis,
627 3099 667 3134 aut
681 3093 824 3146 commissis,
839 3091 876 3132 vel
890 3089 1117 3144 Servientibus,nec

147 3181 189 3223 pro
212 3167 343 3220 hospitibus
367 3177 408 3207 seu
432 3163 614 3218 postulantibus,
631 3163 668 3205 vel
683 3161 828 3215 cantoribus,
851 3168 891 3203 aut
910 3162 955 3203 alio
973 3173 1117 3216 quocumque

147 3240 241 3282 nomine
265 3237 413 3291 nuncupatis,
428 3248 456 3276 ac
471 3237 555 3290 quovis
579 3234 657 3276 habitu
682 3234 769 3275 indutis
787 3234 825 3275 vel
840 3233 964 3274 induendis
977 3245 1019 3274 seu
1034 3231 1118 3288 quovis

147 3314 282 3365 praetextu,
295 3307 335 3349 vel
358 3317 439 3357 causa,
453 3312 494 3347 aut
509 3306 615 3360 quaesito
640 3305 718 3346 colore
741 3305 867 3358 recipiant,
885 3315 928 3346 seu
948 3303 1074 3345 admittant
1088 3303 1117 3344 ad

147 3380 300 3424 habitandum
324 3379 386 3420 intra
407 3378 520 3430 clarrstra,
534 3377 579 3418 nisi
596 3377 734 3430 vigesimum
758 3376 844 3418 aetatis
859 3385 916 3416 suae
931 3386 1016 3417 annum
1040 3374 1119 3427 exple·

147 3455 217 3502 verit,
233 3463 360 3506 omnesque
376 3450 409 3491 sic
424 3454 584 3506 receptossau
594 3448 709 3489 admissos
726 3447 764 3501 (iis
775 3455 863 3488 tantum
879 3446 994 3501 exceptis,
1008 3447 1045 3501 qui
1057 3457 1120 3486 com-

148 3525 211 3580 pleta
226 3531 306 3565 aetate
330 3535 412 3565 annor.
430 3523 462 3572 15,
477 3534 518 3575 pro
533 3521 630 3564 Clerici·
646 3533 688 3562 seu
702 3520 815 3562 chorisus
829 3521 852 3560 in
867 3519 947 3562 habitu
970 3519 1116 3560 Novitiorum

148 3607 232 3639 annum
258 3593 404 3652 probationis
425 3594 508 3648 agunt)
532 3603 546 3633 a
571 3593 730 3644 monasteriis,
754 3603 796 3633 seu
820 3589 931 3634 Domibus
958 3589 1120 3644 Regularibus

148 3669 242 3710 omnino
257 3673 393 3719 amoveant,
407 3671 431 3708 et
446 3666 576 3708 eliciant».
592 3663 730 3718 (mazam).
