2812 4268
363 280 429 340 GAP.
453 279 496 327 111.
521 281 560 326 DE
585 281 692 328 POlllilS
715 280 949 328 nocnssrnsrncls
1094 279 1144 334 441

181 477 354 558 informia
376 481 574 566 couscientia.
600 479 731 546 Constat
757 481 789 544 1⁰
815 481 859 544 Ex
878 481 1000 545 decreto
1017 478 1145 546 Concilii

183 577 366 653 Tridentini,
389 598 464 642 sess.
491 579 542 654 14,
566 600 591 644 c.
621 581 646 642 l.
675 603 692 638 «
708 577 787 642 Onm
804 578 963 644 honestius
984 597 1021 642 ac
1044 579 1146 642 tutius

181 676 225 739 sit
248 675 396 751 subiecto,
424 676 561 740 debitam
585 676 769 759 praepositis
799 676 1004 741 obedientiam
1027 677 1144 758 impen-

183 772 292 848 dendo,
320 774 352 837 in
381 774 518 838 interiori
549 775 720 838 ministerio
750 773 913 862 deservire,
946 793 1040 856 quam
1072 793 1143 838 cum

183 870 428 952 praepositorum
462 871 608 935 scandalo
634 870 788 955 graduum
820 871 969 935 altiorum
1002 872 1145 954 appetere
1245 885 1250 892 ·

180 968 386 1052 dignitatem
410 969 437 1033 ei
461 970 511 1034 cui
534 987 678 1034 ascensus
701 969 741 1032 ad
764 987 867 1034 sacros
891 967 1020 1033 Ordines
1044 987 1062 1032 a
1087 987 1144 1033 sno

184 1065 339 1142 Praelato,
364 1087 399 1130 ex
427 1085 619 1148 quecumque
651 1085 755 1138 causa,
788 1067 882 1130 etiam
914 1069 953 1132 ob
986 1068 1142 1132 oecultum

181 1165 297 1228 crimen
329 1165 570 1246 quomodolibet,
603 1166 698 1229 etiam
729 1165 1016 1242 entraiudicialiter,
1051 1165 1146 1230 fuerit
1211 1221 1215 1228 .

184 1263 376 1338 interdictus,
401 1266 458 1328 aut
480 1265 552 1346 quia
576 1283 594 1328 a
618 1265 682 1328 suis
707 1263 883 1339 Ordinibus,
908 1284 962 1334 seu
985 1265 1144 1348 gradibus,

183 1361 233 1424 vel
256 1360 463 1445 dignitatibus
486 1362 700 1426 ecclesiasticis
731 1361 824 1425 fuerit
847 1379 1024 1443 suspensus,
1047 1360 1144 1436 nulla,

180 1461 291 1522 contra
314 1459 411 1541 ipsius
434 1459 573 1523 Praelati
596 1459 789 1523 voluntatem
813 1477 955 1523 concessa
975 1455 1144 1522 licentia....'

182 1556 418 1640 suffragetur».
443 1558 477 1618 2⁰
510 1556 554 1620 Ex
585 1556 790 1620 declaratione
821 1555 934 1640 Oongr.
966 1554 1070 1632 Oeno,
1102 1555 1145 1620 24

184 1653 264 1718 Nov.
291 1653 394 1716 1657:
423 1677 440 1712 c
456 1654 558 1718 Verba
581 1654 637 1718 illa
653 1653 858 1717 oboccuttum
881 1655 1008 1728 crimea,
1025 1673 1144 1733 utromo-

181 1750 307 1824 dola‘bet,
331 1752 426 1814 eitum
449 1750 741 1827 estruiudiciola'ter,
761 1765 901 1833 expressa
926 1751 1091 1817 dumtaxat
1113 1751 1144 1814 in

89 1875 93 1884 ⁸
184 1849 284 1930 prima
296 1849 385 1929 parte
400 1847 525 1930 periodi,
543 1851 684 1912 censetur
699 1849 832 1930 repetita
847 1849 878 1912 in
891 1848 1023 1914 secunda
1040 1849 1145 1929 parte:

181 1944 261 2009 adeo
283 1945 319 2007 ut
342 1945 412 2009 inde
435 1944 539 2029 colligi
563 1945 667 2008 valeat
700 1944 891 2019 Praelatum,
916 1944 1026 2008 nedum
1059 1962 1146 2026 posse

182 2044 224 2106 ob
248 2041 405 2107 oecultum
432 2043 546 2106 crimen
580 2042 856 2106 ertruiudicieliter
878 2041 1058 2106 interdicere
1089 2061 1145 2106 suo

181 2127 493 2206 subdito'asoensum
517 2140 554 2202 ad
577 2139 715 2213 Ordines,
732 2139 785 2203 sod
801 2140 909 2203 itidem
935 2140 973 2204 ob
989 2140 1145 2204 occultum

181 2239 299 2303 crimen
322 2257 411 2322 posse
434 2238 530 2301 etiam
553 2237 829 2302 extraiudioialiter
849 2238 938 2302 illum
962 2237 1146 2320 suspendere

182 2336 224 2400 ab
247 2335 413 2400 Ordinibus
436 2335 508 2398 iam'
524 2334 674 2415 susceptis
690 2358 721 2397 s.
892 2405 894 2411 Ι

231 2435 329 2496 1425.
351 2469 394 2478 —-
418 2433 459 2496 Il.
491 2432 689 2515 Regulariter
720 2434 891 2514 suspensio
911 2452 947 2497 ex
978 2432 1146 2510 informata

181 2531 370 2596 conscientia
393 2548 453 2594 non
478 2528 575 2593 fertur
598 2531 663 2592 uisi
685 2530 721 2593 ot
745 2529 897 2594 occultum
921 2531 1049 2594 crimea.
1066 2529 1146 2609 Quia

183 2631 258 2694 haec
281 2629 414 2694 facultas
429 2628 586 2710 Episcopis
603 2647 746 2692 concessa
763 2630 811 2693 est
829 2631 864 2691 ut
879 2630 1145 2694 sacramentorum

183 2727 294 2792 honori
308 2726 480 2802 consulant,
501 2749 518 2784 «
535 2725 657 2807 quaudo
674 2726 823 2790 delictum
839 2745 898 2792 non
914 2728 1019 2809 potest
1033 2728 1065 2790 in
1081 2727 1146 2792 furo

184 2826 308 2889 externo
321 2823 547 2891 concludenter
569 2824 692 2906 probari
715 2825 772 2888 aut
796 2825 873 2888 illud
898 2843 956 2888 non
977 2824 1099 2906 expedit
1114 2823 1145 2888 in

182 2923 315 2988 aliorum
326 2922 473 2986 notitiam
486 2922 633 2986 deducere
650 2948 680 2997 »,
696 2923 797 3004 inquit
813 2921 927 2986 Bened.
944 2922 1029 2986 XIV.
1043 2913 1146 3004 ¹Atqui

184 3021 364 3103 plerumque
387 3020 534 3084 delictum
558 3020 716 3100 publicum
733 3019 922 3084 iudicialiter
944 3020 1069 3103 probari
1092 3038 1146 3102 po·

183 3121 257 3183 test.
281 3119 363 3203 Ergo
387 3119 461 3181 tuuc
488 3119 586 3181 solum
612 3137 648 3181 ex
679 3118 848 3183 informata
872 3118 1058 3182 conscientia
1082 3135 1148 3199 pro
1197 3111 1201 3116 ’

183 3217 313 3290 ceditur,
341 3217 462 3298 quoties
493 3216 565 3280 ordo
597 3216 751 3282 iudicialis
783 3217 900 3281 servari
931 3217 1039 3298 nequit
1070 3215 1148 3300 (Hu-

185 3313 324 3400 guenin).

232 3413 327 3475 1426.
351 3448 396 3458 -
419 3412 475 3476 lll.
511 3413 680 3490 *Suspeusio
704 3433 742 3476 cn
765 3410 937 3490 informata
960 3411 1147 3476 conscientia

185 3531 248 3574 ooo
271 3509 430 3591 iudicitur
452 3512 487 3572 iu
497 3513 690 3589 perpetuum.
708 3510 838 3594 Legitur
853 3510 935 3574 enim
951 3509 983 3573 in
998 3509 1147 3574 relatione

184 3626 296 3673 causus
309 3607 523 3683 tucionensis,
539 3625 589 3670 an.
605 3607 708 3670 1848:
728 3633 745 3666 ‹
762 3606 980 3691 Congregatio,
997 3608 1056 3671 etsi
1072 3607 1147 3671 olim

185 3705 338 3770 censuerit
360 3709 453 3784 caput
474 3704 499 3781 l,
531 3705 679 3768 sessionis
702 3705 786 3781 XlV,
811 3703 941 3771 Consilii
964 3705 1147 3784 Tridentini,
