2812 4268
300 260 353 316 394
601 261 774 310 calculans
796 261 836 308 DE
860 261 959 310 REBUS

346 461 442 525 1194.
467 486 509 508 -s
532 459 586 524 IV.
613 461 646 525 Si
669 460 783 544 agatur
813 459 851 523 de
882 459 1035 524 Ecclesiae
1063 459 1153 524 bouis
1178 457 1270 542 oppi-

188 629 191 636 ,
299 559 476 643 guarandis,
493 559 542 623 vel
565 558 602 623 de
625 577 694 622 aere
717 557 817 622 alieno
832 557 1050 633 contrahendo,
1067 575 1190 622 necesse
1204 560 1270 634 est,

299 658 335 720 ut
358 657 443 748 prius
458 655 627 720 audiantur
643 674 748 720 omncs
764 655 909 720 interesse
924 653 1083 729 habentes,
1095 655 1128 718 et
1143 655 1272 720 constet

299 752 336 817 de
360 771 430 816 vera
453 755 485 816 et
507 753 596 836 gravi
619 751 772 816 Ecclesiae
796 751 995 840 necessitate3
1028 769 1107 832 quae
1132 751 1169 814 si
1193 769 1269 815 vere

299 849 477 923 intercedat,
502 848 670 913 canendum
695 849 752 922 est,
778 849 815 912 ut
837 847 976 912 debitum
1000 849 1088 926 illud,
1109 868 1180 912 cum
1203 849 1270 930 pri·

299 966 385 1010 mum
409 946 475 1012 ficri
508 947 633 1029 poterit,
657 946 793 1010 Ecclesia
821 945 888 1027 ipsa
922 939 1073 1021 dimittat,
1098 963 1195 1026 eaque
1226 945 1271 1009 de

299 1063 392 1108 causa
415 1045 592 1126 imponatur
614 1043 713 1108 eidem
736 1043 869 1126 singulis
903 1043 934 1107 in
966 1043 1088 1108 casibus
1112 1043 1272 1127 obligatio

298 1142 490 1206 contractum
515 1142 652 1206 debitum
676 1141 874 1224 extinguendi
897 1142 1007 1206 annuis
1030 1142 1109 1205 ratis
1133 1141 1171 1206 ab
1195 1141 1270 1222 ipso

299 1240 448 1321 Episcopo
472 1239 700 1320 praeficiendis3
723 1238 763 1302 ad
787 1257 878 1319 quem
901 1239 1043 1302 ellectum
1063 1238 1270 1302 determinati

262 1392 264 1396 .
298 1337 395 1418 aliqui
418 1333 571 1400 Ecclesiae
594 1335 728 1400 eiusdem
753 1335 893 1402 redditus
909 1337 1000 1398 erunt
1019 1335 1209 1418 assignandi,
1226 1355 1271 1400 ac

298 1435 428 1517 singulis
450 1435 569 1498 vicibus
593 1433 763 1516 deponendi
786 1433 817 1500 iu
841 1451 933 1515 capsa
956 1433 1090 1516 publica,
1105 1433 1154 1496 vel
1170 1451 1271 1514 penes

297 1533 459 1598 honestam
483 1533 577 1613 atque
599 1532 741 1598 idoneam
771 1529 1008 1616 personarunt
1043 1550 1100 1596 suo
1125 1533 1271 1613 tempore

298 1630 439 1695 investiri
461 1630 587 1712 possint.

343 1728 439 1792 1195.
464 1753 507 1772 —
523 1726 561 1790 Vr
590 1725 667 1792 Cum
692 1745 763 1792 vero
797 1726 949 1792 Ecclesiae
984 1726 1145 1809 pecuniam
1180 1727 1271 1792 inve-

297 1825 367 1890 stiri
390 1825 560 1908 contingat,
585 1825 645 1889 duo
675 1825 827 1908 imprimis
860 1824 1095 1907 diligentissime
1125 1824 1271 1891 curanda

297 1924 401 1998 erunt3
418 1923 563 2004 primum,
581 1924 617 1986 ut
632 1941 650 1986 a
666 1923 877 1988 contractibus
891 1922 1032 1986 ineundis
1048 1921 1140 2005 louge
1156 1924 1268 2004 procul

158 2023 160 2029 ’
297 2023 339 2086 011
362 2020 488 2102 quaevis
511 2022 654 2085 usuraria
677 2021 782 2094 labes;
806 2020 949 2096 secundo,
974 2021 1011 2084 ut
1032 2020 1187 2084 Ecclesiae
1218 2021 1272 2086 in·

297 2118 460 2182 damnitati
483 2119 611 2181 cantum
635 2120 693 2182 sit:
718 2117 848 2199 ideoque
864 2135 925 2182 nou
941 2117 1108 2182 collocetur
1123 2117 1266 2182 eiusdem

297 2218 424 2300 pecunia
447 2216 506 2280 uisi
529 2215 611 2298 apud
634 2216 780 2280 honestas
803 2217 834 2279 et
857 2215 982 2280 idoneas
1006 2221 1161 2297 personas,
1181 2231 1270 2297 quae

296 2315 454 2396 praestent
477 2312 728 2396 hypothecariam
744 2313 986 2394 inscriptionem,
1004 2313 1053 2376 vel
1068 2313 1180 2376 saltem
1197 2313 1265 2378 ido

280 2431 385 2476 *neam
402 2412 595 2484 cautionem3
620 2429 785 2492 omnesque
808 2409 988 2474 huiusmodi
1009 2411 1188 2474 contractus
1208 2431 1267 2494 pu-

295 2509 385 2572 blicis
408 2508 525 2572 tubulis
547 2527 601 2590 pro
616 2510 737 2590 recepto
753 2509 914 2592 regionum
932 2525 1016 2572 more
1031 2508 1267 2591 consignentun

343 2606 438 2670 1196.
462 2641 506 2652 -
529 2605 583 2670 VI.
601 2606 739 2688 Denique
762 2605 794 2670 iu
822 2605 1200 2671 locationibus-bonorum
1216 2625 1266 2672 ee·

295 2702 538 2768 clesiasticorum
562 2703 733 2768 cavendum
756 2703 812 2776 est,
838 2704 874 2766 11
896 2703 1066 2768 locationes
1085 2702 1268 2784 praedictae

295 2799 373 2866 fiant
396 2800 479 2864 iusto
503 2801 613 2881 pretio,
638 2801 732 2882 atque
755 2801 792 2864 nt
825 2819 945 2868 annuae
979 2799 1185 2881 responsionis
1214 2817 1269 2865 so-

295 2899 375 2964 lutio
397 2918 458 2963 uon
481 2898 538 2962 fiat
553 2898 729 2983 anticipata
751 2899 783 2962 iu
799 2897 1021 2980 praeiudicium
1038 2915 1266 2974 successorum

295 2996 364 3062 Non
388 2997 495 3062 licebit
510 2997 616 3061 autem
632 2997 838 3062 ecclesiastiea
854 2997 935 3060 bona
950 2997 1052 3060 locare
1068 2996 1154 3060 ultra
1170 2997 1269 3062 trien·

296 3093 396 3171 uium3
420 3095 535 3177 poterit
558 3097 663 3159 autem
688 3093 879 3170 ordinarius,
903 3094 930 3158 si
946 3093 1109 3175 specialem
1125 3093 1165 3158 ab
1180 3093 1269 3176 Apo·

296 3193 407 3258 stelica
419 3193 495 3258 Sede
508 3211 599 3274 snper
614 3193 800 3258 alienatione
815 3193 967 3257 bonorum
983 3191 1267 3256 ecclesiasticorum

295 3287 478 3356 facultatem
503 3290 683 3367 obtinuerit,
707 3291 885 3373 permittere
909 3289 946 3352 nt
976 3288 1146 3354 locationes
1177 3307 1272 3372 prae-

296 3385 396 3452 dictae
418 3388 497 3452 fiant
519 3389 616 3452 etiam
639 3388 723 3452 ultra
739 3387 929 3470 praedictum
947 3385 1269 3469 tempus‚dummedo

295 3503 356 3549 nou
380 3485 506 3551 excedat
528 3484 714 3550 novennium
730 3509 748 3544 »
776 3485 883 3568 (lustr.
908 3483 938 3548 S.
963 3481 996 3548 0.
1014 3483 1051 3548 de
1067 3483 1160 3566 Prop.
1176 3483 1266 3560 niue

296 3581 422 3646 30111.
449 3582 560 3666 1867).
