2750 4270
288 237 341 291 26⁸2
569 241 742 289 incensans
766 242 805 288 DE
830 243 976 290 PERSONIS

288 445 410 528 quidem
435 464 484 508 res
507 446 544 508 ut
567 445 698 510 fideliter
733 450 921 524 servaretur,
945 450 979 510 in
1008 445 1125 510 Cornell.
1149 447 1238 522 retu,

288 563 354 623 cop.
381 543 432 616 18,
456 563 531 606 sese.
557 544 610 618 24,
634 544 671 607 de
687 545 839 622 Reform,
873 544 939 608 lato
963 545 1014 608 len
1038 544 1100 623 risit
1115 545 1156 614 de
1177 562 1236 609 ocu·

288 658 387 706 cosso
411 639 550 703 latendo
574 643 608 703 in
639 641 802 706 collatione
834 641 1075 706 Poroetialinm
1099 643 1240 706 Ecclesiu-

287 759 368 814 rnm,
385 758 463 816 otone
479 738 523 800 orl
538 736 668 800 liberam
691 737 858 802 Ordiaorie'
872 739 1068 803 collationem
1080 742 1239 819 pertinent,

288 837 324 899 ut
359 855 393 898 ex
425 836 548 917 praevio
580 838 820 918 competitorum
853 838 992 901 examine
1023 839 1050 902 is
1081 837 1241 901 Paroehiali

292 933 447 997 Ecclesiae
470 933 676 1015 praeficiatur,
708 935 762 1017 qui
793 936 939 1012 moribus,
965 935 1106 1000 doctrina
1128 939 1158 999 et
1178 955 1241 1016 pru·

287 1031 393 1096 dentia
416 1033 545 1096 caeteris
576 1033 745 1096 antecellit.
777 1033 924 1096 Examen
947 1039 1051 1096 cotem
1082 1035 1240 1112 competitn

288 1149 359 1191 ram
382 1149 419 1191 en·
444 1129 548 1192 eodem
572 1129 760 1193 Tridentino
777 1128 902 1210 Spooclo
918 1150 1023 1193 coram
1039 1130 1190 1209 Episcopo
1201 1127 1244 1190 oet

287 1245 343 1289 sao
375 1225 507 1302 Vieario,
534 1231 563 1291 et
587 1227 687 1290 tribas
713 1227 824 1290 saltem
847 1227 1133 1291 Eremiaotoridns
1155 1226 1241 1307 Spar

288 1323 413 1386 delites
436 1323 610 1388 latendum
634 1329 688 1400 est,
720 1343 816 1406 ecque
840 1326 983 1390 absoluto
1007 1344 1068 1389 non
1092 1325 1243 1388 Examina·

287 1422 402 1497 torum,
428 1423 480 1486 sed
497 1424 593 1486 solius
609 1424 753 1504 Episcopi
765 1424 813 1486 est
825 1442 896 1486 eum
909 1425 1031 1507 eligere,
1046 1443 1137 1504 quem
1151 1422 1244 1504 magis

288 1518 431 1583 idoneum
454 1521 649 1584 iudicaverit.

334 1618 407 1681 764.
431 1656 476 1664 -
499 1619 555 1681 lll.
579 1619 740 1682 Ecclesiae
766 1621 1033 1698 iariepotronotns
1056 1618 1244 1682 laieornmo

289 1715 354 1797 lepe
388 1736 555 1780 concarrus
585 1717 659 1799 (non
692 1736 762 1782 vero
797 1736 815 1781 a
846 1718 913 1801 lege
944 1717 1107 1798 examinis)
1137 1714 1246 1778 solutor

287 1819 362 1878 snat
386 1810 529 1897 (Soglia).

337 1911 410 1974 765.
436 1949 478 1957 -
505 1914 573 1978 lura
599 1915 822 1979 Paroolmrum.
840 1951 882 1958 -
898 1913 922 1976 l.
940 1913 998 1976 las
1014 1909 1078 1991 fori
1094 1911 1243 1990 poeniten·

290 2009 386 2084 liutto,
411 2010 641 2091 propterquod
665 2011 851 2074 ordinariam
877 2011 971 2074 habet
994 2009 1181 2091 potestatem
1203 2025 1243 2070 sa·

288 2108 520 2172 eramentaliter
543 2109 721 2173 absolvendi
738 2110 940 2190 parochianos
957 2127 1029 2173 suos
1053 2109 1148 2171 ctiam
1165 2107 1243 2170 extra

288 2206 451 2288 parochiae
474 2206 680 2282 territorium3
705 2209 736 2270 et
752 2207 869 2272 alienos
892 2209 1017 2270 tantum
1030 2207 1114 2269 intra
1131 2205 1244 2268 territo-

288 2305 388 2368 rium:
413 2305 526 2368 ceeteri
547 2307 651 2369 autem
669 2304 853 2369 Confessarii
868 2307 983 2370 habent
999 2307 1185 2388 potestatem
1201 2303 1245 2367 dc·

287 2403 436 2486 legatam.

335 2499 408 2562 766.
432 2537 476 2545 -
500 2500 541 2562 ll.
565 2498 624 2564 Ias
638 2501 817 2565 solemniter
833 2501 1038 2565 ministrandi
1055 2501 1244 2582 baptismam,

288 2597 315 2660 si
338 2597 370 2660 in
393 2598 538 2679 parochia
562 2599 677 2662 habeat
700 2599 817 2664 fontem
841 2599 1071 2682 baptismalem.
1139 2604 1146 2614 “

334 2693 409 2756 767.
433 2731 476 2740 -
500 2695 556 2757 HI.
574 2697 632 2760 Ias
646 2697 852 2761 ministrandi
867 2698 1110 2760 commonionem
1123 2694 1243 2776 pronote»

290 2791 347 2856 lem
370 2791 515 2870 fidelitas
537 2793 614 2868 sais,
638 2794 691 2874 qui
723 2795 884 2876 praecepto
909 2813 969 2858 non
993 2794 1199 2869 satisfaciunt,
1221 2791 1244 2856 si

288 2889 362 2954 alibi
386 2891 512 2953 sumant
546 2891 640 2954 etiem
665 2892 697 2955 in
721 2892 848 2955 eeclesia
871 2891 1053 2956 cathedrali.
1078 2891 1157 2955 Vide
1180 2909 1245 2955 con-

287 2987 466 3051 suetudines
488 2987 658 3070 legitimas.

288 3233 320 3282 ut
338 3229 402 3297 ipsi,
422 3231 569 3298 tamquam
589 3229 686 3282 fideles
700 3228 886 3283 multiformis
905 3229 1016 3298 gratiae
1035 3230 1087 3283 Dei
1107 3231 1249 3298 dispensa·

288 3323 372 3383 tores,
392 3319 503 3387 plebem
518 3318 572 3372 sibi
586 3318 788 3382 concreditam,
803 3319 1049 3374 Sacramentorum
1070 3319 1248 3374 administra-

288 3409 374 3473 tione,
395 3408 484 3462 divini
503 3409 583 3463 verbi
602 3409 813 3476 praedicatione
834 3426 867 3462 ac
880 3411 1017 3464 bonorum
1030 3427 1146 3476 operum
1160 3427 1249 3464 exem-

287 3498 343 3566 plo,
357 3498 536 3552 continenter
549 3515 672 3567 pascere,
687 3499 794 3564 iuvare,
809 3516 929 3567 eamque
942 3499 978 3552 ad
998 3499 1093 3552 omnia
1106 3497 1247 3567 religionis

286 3587 420 3642 instituta
439 3604 472 3640 sc
485 3587 654 3642 documenta
666 3587 829 3653 informare,
844 3593 930 3658 atquc
950 3589 986 3642 sd
1006 3587 1108 3643 salutis
1120 3588 1247 3643 semitam

288 3675 440 3743 perducere
459 3676 592 3730 studeant
614 3716 635 3740 ,.
