2750 4270
291 251 346 306 230
570 256 743 304 sandratus
767 258 806 305 DE
830 257 976 304 PERSONIS

192 447 194 458 ⁴
293 455 468 536 sumptibus
493 475 602 539 graves
626 456 690 520 sint
712 457 867 533 Ecclesiis,
886 477 962 539 quas
986 458 1128 533 visitant,
1145 458 1176 520 et
1189 457 1257 522 ideo

292 553 432 618 modesto
455 554 608 617 comitatu
634 573 700 618 esse
723 554 836 619 debent
861 555 1010 637 (Devoti).

325 647 414 714 666.
441 688 480 698 -
506 651 564 714 ΙΙΙ.
589 651 643 714 Ec
668 652 768 726 Trici,
786 671 861 716 3033.
879 653 932 728 24,
957 672 1024 733 cap.
1045 653 1083 715 3:
1109 653 1259 718 Visitatio

292 749 430 813 modeste
465 749 496 812 et
527 768 620 827 00000
652 747 811 812 celerrime
843 749 945 832 (iuxta
976 749 1194 814 conscientiam
1227 752 1260 814 et

292 846 489 930 prudentiam
514 845 670 938 Episcopi)
694 845 829 926 expediri
853 845 953 909 debet.

338 943 414 1006 667.
446 981 477 988 ψ
507 943 759 1010 cathedraticum
793 963 847 1008 seu
870 943 1093 1008 Sruonurrcuu
1123 947 1170 1008 est
1206 947 1263 1008 tra·-

295 1041 402 1104 batam
426 1042 460 1104 irc
483 1040 629 1104 honorem
660 1036 833 1103 Oatlcedrae
856 1039 1055 1121 Episcopatus
1079 1041 1262 1122 astruatis

293 1138 445 1202 Ecclesir's
465 1137 700 1218 praestandum.
728 1176 766 1183 —
792 1138 818 1202 Ι.
842 1139 980 1202 Vocatur
1003 1139 1099 1202 etiam
1125 1138 1262 1222 800060-

293 1237 402 1312 ticrrm,
427 1237 509 1318 quod
542 1237 573 1300 in
605 1235 726 1319 Synodo
759 1237 943 1321 exigeretur,
975 1237 1133 1301 interdum
1164 1239 1261 1310 etiam

289 1335 400 1415 persio
417 1334 580 1414 00306063
603 1335 706 1398 vocari
730 1336 901 1410 consuevit,
926 1336 993 1400 ideo
1018 1335 1101 1418 qnod
1118 1335 1264 1419 Synodus

294 1433 474 1514 plerumque
498 1432 569 1514 post
593 1431 712 1496 Pascha
735 1433 951 1496 celebraretur.

339 1531 414 1593 668.
440 1566 479 1576 -
506 1530 547 1592 ΙΙ.
571 1529 700 1593 Nullum
727 1531 821 1594 ferme
845 1532 893 1594 ius
925 1530 1146 1598 Cathedratico
1179 1533 1261 1597 anti-

295 1629 386 1710 quius
409 1628 466 1703 est,
491 1627 630 1708 illudque
646 1629 764 1692 veteres
781 1626 920 1693 Oenones
933 1631 965 1693 iu
980 1631 1064 1694 certa
1081 1632 1265 1712 quantitate

295 1725 452 1800 taxarunt,
476 1725 522 1788 ita
546 1725 583 1787 ut
606 1724 683 1788 duos
707 1725 821 1790 solidos
845 1745 905 1790 non
929 1727 1097 1803 excederet,
1123 1728 1160 1793 de
1187 1747 1263 1810 quo-

294 1842 364 1886 rum
388 1823 604 1886 aestimatione
628 1823 805 1886 concertant
836 1821 1035 1900 6000006ος
1059 1827 1194 1891 atvero
1218 1827 1263 1890 lo·

295 1940 399 1985 corum
423 1919 611 1984 consuetudo
636 1920 786 1984 servanda
810 1922 867 1984 est.
1169 2001 1171 2006 ,

338 2019 413 2082 669.
440 2055 480 2064 -
505 2019 562 2081 Ill.
586 2016 840 2082 Cathedraticum
857 2019 896 2082 ad
920 2017 1016 2100 dapem
1032 2019 1262 2084 Dioecesaaom

292 2119 443 2199 pertinere
466 2116 599 2180 dicitur:
624 2117 683 2190 lar
696 2117 777 2180 enim
794 2117 983 2182 Dioecesana
1000 2118 1115 2202 exigit:
1143 2119 1178 2181 1⁰
1194 2118 1262 2182 sao-

293 2215 409 2280 sidium
439 2215 671 2288 charitativum,
707 2233 760 2278 seu
791 2215 988 2279 moderatum
1018 2215 1197 2280 subsidium
1228 2235 1263 2279 en

294 2314 471 2389 manifesta,
496 2312 527 2375 et
550 2311 731 2376 rationabili
747 2331 840 2375 00000
857 2331 875 2375 0
893 2310 1019 2377 Clerieis
1043 2313 1262 2386 tribuendum

295 2411 330 2474 2⁰
353 2416 498 2491 quartam
521 2409 764 2485 decimationem,
789 2429 843 2473 000
868 2411 1013 2492 quartam
1038 2411 1160 2493 partem
1187 2411 1262 2475 deci·

295 2527 429 2585 marum,
453 2509 484 2572 et
508 2508 653 2589 quartam
683 2508 888 2571 mortuarium
921 2527 976 2572 seu
999 2509 1154 2583 funerum,
1185 2527 1265 2591 quae

294 2608 326 2670 et
356 2606 504 2670 canonica
538 2603 648 2687 portio,
680 2623 735 2668 seu
766 2606 878 2686 quarta
912 2606 1106 2689 Episcopalis
1136 2606 1217 2670 dicit
1255 2655 1262 2679 ‚

295 2705 389 2784 atque
412 2704 563 2785 Episcopo
579 2702 707 2766 debetur
731 2721 765 2766 er
781 2703 894 2785 legatis
911 2705 942 2766 et
959 2703 1172 2772 oblationibus
1185 2721 1264 2785 quae

295 2801 449 2866 Ecclesiae
483 2801 610 2864 relictae
640 2801 724 2863 sunt.
756 2799 896 2881 Utraque
924 2801 1000 2864 haec
1035 2801 1148 2881 quarta
1185 2800 1262 2883 (fere

204 2901 208 2917 '
294 2899 407 2981 ubique
434 2898 596 2978 obsolevit)
626 2898 739 2961 nititur
769 2899 867 2962 veteri
896 2899 1063 2980 partitione
1096 2899 1260 2972 bonorum,

295 3017 331 3062 er
354 3017 415 3079 qua
439 2997 608 3079 Episcopus
632 2997 776 3078 quartam
801 2997 939 3060 omnium
963 2997 1142 3061 reddituum
1169 2997 1261 3062 eccle-

296 3095 493 3180 siasticorum
516 3094 701 3176 recipiebat;
726 3095 757 3158 in
792 3093 875 3159 hisce
898 3095 1040 3160 omnibns
1070 3094 1262 3159 consuetudo

296 3188 468 3276 (606600)
492 3193 640 3274 cuiusque
672 3191 825 3256 Dioecesis
856 3192 1017 3256 retinenda
1048 3193 1105 3257 est.
1139 3227 1179 3240 —
1213 3191 1260 3254 Ita

296 3287 412 3371 Soglia.
700 3324 702 3328 ·

341 3386 416 3450 670.
440 3423 485 3433 —-
508 3386 562 3450 IV.
586 3385 686 3450 Notat
711 3386 841 3450 Devoti:
866 3385 974 3464 Nurac,
991 3387 1104 3451 saltem
1121 3385 1261 3450 initalia

295 3483 344 3548 ius
368 3484 462 3568 viget,
480 3484 519 3548 ab
536 3484 715 3548 Innocentio
732 3483 778 3546 XI
793 3484 1012 3559 constitutum,
1025 3503 1091 3567 quo
1109 3484 1259 3549 sancitum

295 3583 353 3657 est,
377 3583 414 3645 ut
436 3583 531 3646 semel
555 3583 681 3645 tantum
714 3581 893 3664 Episcopus,
925 3581 1069 3647 videlicet
1100 3585 1131 3648 iu
1162 3581 1259 3664 primo
