2818 4276
389 238 446 284 CAP
468 239 489 284 1.
513 237 604 284 NOTIO
628 235 825 286 flmmeum
1045 231 1095 286 ll5

128 437 212 511 atae,
239 455 281 500 ax
304 453 417 512 aemes
440 437 595 502 Romans
626 453 681 500 ess
711 453 874 500 mammea
898 453 1026 500 summes
1056 455 1094 502 m

29 553 30 558 ¹
126 551 316 598 mammam
341 550 493 610 simmam,
518 551 557 598 so
581 551 664 609 QUOD
687 551 753 597 msa
778 549 1012 598 mammetem
1036 553 1095 600 am

29 655 30 658 ¹
128 649 218 707 mus,
244 649 281 694 m
304 647 441 695 essaeus
464 648 632 704 asiacam,
657 649 695 695 m
711 647 777 695 mse
793 648 813 695 a
829 648 949 694 samma
967 649 1094 710 mcum,

29 721 30 756 ³
128 746 204 804 Qum
227 744 323 792 eoam
348 745 444 791 mmo
468 745 528 792 Pas
551 745 649 792 omma
672 745 727 793 sss
743 745 854 792 simus
870 753 886 786 »
914 727 969 810 (id.
995 729 1094 794 Serm.

135 827 150 889 1
175 827 213 890 de
238 825 284 889 St.
309 826 445 908 Aliost).

29 949 30 952 ¹
178 925 254 987 356.
280 961 323 968 —
346 923 403 986 111.
431 947 448 982 «
465 923 559 988 Sedes
583 924 765 1004 Apostoliea
788 925 965 990 immediate
987 945 1095 990 earam

135 1047 155 1082 e
170 1021 332 1086 Ecclesiae
348 1021 447 1098 tabet,
464 1041 483 1086 a
507 1041 568 1103 qua
591 1023 704 1086 caeteri
727 1022 933 1088 Eeelasiarum
949 1025 1097 1106 pastores,

137 1145 157 1179 a
172 1121 240 1184 tam
258 1119 402 1194 maiores,
427 1139 521 1200 quam
544 1120 687 1195 minores,
712 1120 902 1206 gubernandi
926 1123 1098 1205 suscipiunt

138 1243 157 1276 e
172 1217 405 1292 auctoritatem,
429 1219 495 1281 tam
521 1217 665 1294 mediate,
691 1237 784 1298 quam
811 1219 1000 1296 immediate,
1025 1222 1096 1284 eta

139 1343 157 1376 «
174 1337 234 1399 qua
259 1335 365 1380 omnes
398 1335 549 1382 cananum
581 1317 664 1400 leges
692 1321 838 1382 emanant
861 1343 879 1376 »
906 1318 961 1400 (id.
985 1319 1097 1384 Deter-

135 1416 246 1478 me'aat.
264 1420 382 1494 quaest.
399 1415 483 1476 eirea
498 1413 612 1495 Requi.
629 1413 662 1478 S.
679 1413 822 1497 Frena).

458 1601 607 1662 REQUIES
627 1603 776 1657 ANIMAE.

181 1747 315 1810 Mamm
338 1764 455 1810 casim.
479 1745 581 1810 Maria
606 1731 662 1811 ast¹
681 1747 853 1812 «Antiates
881 1767 1003 1814 summa
1019 1751 1098 1814 chri·

137 1845 323 1909 stianorum.
348 1845 488 1908 Antistes
513 1845 595 1908 vitae
618 1845 648 1908 in
681 1845 817 1929 gratiam
848 1866 917 1910 eum
941 1847 1021 1913 Filio
1046 1867 1100 1913 nas

136 1942 326 2006 reducens»
354 1943 398 2022 (S.
424 1941 502 2006 Ioan
527 1941 696 2028 Dameam).

183 2041 316 2104 Memmi
339 2057 459 2104 mmm.
484 2039 509 2104 O
534 2041 645 2115 Maria,
670 2041 784 2106 adiuva
809 2060 874 2116 nos,
899 2043 972 2124 quia
996 2043 1043 2107 Tu
1068 2063 1100 2108 es

140 2138 373 2202 «adiutorium
399 2140 537 2202 nostrum
569 2158 629 2219 quo
646 2140 805 2204 universas
835 2140 1030 2206 inimieorum
1054 2143 1101 2205 in·

134 2235 232 2300 aidias
257 2237 320 2298 sine
344 2236 479 2299 laesione
495 2238 720 2318 pertransimus
744 2263 761 2296 a
789 2237 871 2321 (m).

182 2334 316 2396 Mamm
351 2350 518 2397 mammea.
555 2335 758 2400 Strictissima
789 2337 820 2400 et
852 2336 1100 2402 obedientissima

139 2452 208 2496 eum
242 2433 419 2514 Apostoliea
453 2432 530 2496 sede
563 2433 787 2498 coniunctione.
820 2472 840 2482 -
869 2433 950 2498 Filii
971 2435 1101 2498 Mariae

139 2531 312 2594 imitatores
336 2531 434 2594 aiae...
586 2519 588 2523 ¹

250 3043 339 3110 CAP.
364 3045 405 3108 ΙΙ.
429 3045 652 3111 -DIVISIO
675 3042 999 3110 ECOLESIASTICAE

480 3151 753 3216 HIERAROHIAE

548 3321 695 3330 ——n-

187 3485 262 3548 357,
287 3521 330 3530 —
354 3485 378 3548 Ι.
404 3481 596 3547 Hieraretia
620 3487 665 3548 est
688 3481 736 3545 vel
758 3501 891 3560 eamme,
908 3481 957 3546 eet
978 3501 1107 3548 meism-

143 3598 268 3646 csmms.
294 3581 410 3646 Prima
429 3585 477 3645 est
500 3581 743 3650 sacramentalis,
761 3599 822 3661 qua
839 3582 908 3662 quis
931 3601 1026 3664 capax
1043 3581 1107 3646 red·

144 3679 227 3743 ditur
250 3679 381 3762 ponendi
410 3681 515 3743 aetum
539 3677 670 3753 ordinis;
694 3678 830 3742 seeaada
857 3699 911 3761 per
934 3679 1105 3762 simplicem
