2818 4276
327 265 392 312 cnP.
416 266 437 311 1.
461 265 552 312 norm
575 264 771 312 effluescere
792 265 915 314 ORDltllS
1053 263 1098 316 121

178 465 256 528 369.
286 488 304 522 ‹
327 464 401 528 llius
424 483 496 529 vero
520 465 609 548 pluro
633 483 669 528 ex
692 465 787 530 saeris
811 463 939 528 Litteris
962 464 1102 528 testimo·

126 562 185 626 nia
210 561 313 626 efferri
337 563 487 642 possunt;
512 561 564 626 sed
588 562 643 626 illa
668 562 836 644 praeelorn,
861 563 893 626 et
915 562 1100 646 gravissima

125 662 209 724 sunt
231 679 312 742 quae
335 661 416 742 opud
440 663 564 726 sanctos
595 661 743 725 loannem
773 663 805 724 et
835 661 1033 724 Matthaeum
1057 659 1100 724 le·

126 760 269 841 guntur:
294 759 396 838 inquit
417 758 498 821 enirn
523 759 695 824 Dominus:
712 757 799 822 Siout
821 758 908 821 misit
932 776 981 821 me
996 755 1099 832 Peter,

126 856 165 918 et
189 874 249 939 ego
274 856 367 920 mitto
392 874 461 920 vos:
493 857 622 938 aecipite
654 856 806 938 Spiritum
835 855 1001 920 Sanctum:
1026 873 1100 937 quo·

23 1027 28 1036 Ι
128 973 204 1016 rum
230 953 412 1016 remiseritis
435 955 571 1035 peceato,
600 955 806 1018 remittuntur
836 954 890 1028 eis,
913 955 945 1016 et
968 971 1099 1035 quorum

128 1051 338 1126 retinueritis,
362 1052 482 1114 retente
507 1053 589 1116 sunt.
614 1051 654 1115 lit
668 1073 675 1114 :
691 1051 790 1116 Amen
807 1051 875 1115 dieo
891 1050 989 1140 potis,
1006 1069 1100 1132 quse·

126 1166 269 1229 eumque
292 1147 498 1230 alligaveritis
520 1167 612 1230 super
635 1151 761 1222 terrum,
786 1151 877 1212 erunt
892 1149 991 1232 ligeto
1014 1150 1046 1212 et
1069 1149 1100 1212 in

129 1246 243 1319 Coelo,
267 1247 300 1308 et
322 1263 533 1327 quaecumque
556 1246 712 1310 solveritis
745 1265 837 1328 super
860 1247 985 1318 terram,
1009 1247 1100 1309 erunt

126 1343 241 1407 soluta
266 1345 298 1406 et
320 1343 352 1406 in
388 1343 489 1408 Coelo.
520 1341 605 1423 Quae
636 1343 760 1425 quidem
792 1343 859 1407 loeo
883 1363 901 1407 e
925 1343 1099 1426 pastoribus

126 1461 167 1504 ex
195 1443 372 1505 sanctorum
397 1441 528 1506 Petrum
559 1442 709 1516 doctrina,
735 1443 766 1505 et
789 1443 977 1506 auctoritate
1001 1440 1101 1523 explo-

127 1540 221 1614 nuta,
247 1541 415 1603 marimum
441 1541 568 1604 veritati
591 1540 696 1604 lumen
719 1540 827 1604 offerre
850 1543 1042 1622 poterunt».

459 1727 607 1788 REQUIES
626 1727 775 1782 ANIMAE.

177 1861 313 1927 mlum
337 1880 454 1928 comm.
479 1863 580 1928 Maria
604 1867 651 1930 est
679 1891 696 1922 «
712 1885 766 1929 err
789 1865 977 1930 inviolabilis
1005 1864 1044 1929 ad
1068 1885 1100 1928 se

127 1962 358 2025 recurrentium
384 1987 401 2020 »
421 1962 465 2044 (S.
483 1963 567 2026 loen.
584 1963 752 2045 Damaso).

178 2057 314 2122 Mrnmnr
330 2077 450 2123 ruroon.
468 2058 529 2124 Oro
546 2079 601 2142 pro
618 2059 705 2124 nobis
722 2063 753 2124 et
769 2059 856 2124 selva
873 2080 938 2138 nos,
953 2080 970 2124 o
984 2059 1099 2134 Mamm

127 2158 184 2222 Tu
208 2157 289 2220 enim
314 2176 367 2220 es:
397 2183 414 2216 «
431 2158 581 2222 auxilium
606 2161 785 2242 promptum
809 2178 844 2222 eo
861 2161 1006 2240 peratum
1022 2157 1099 2221 chri-

122 2254 309 2318 stianorum
334 2255 415 2338 (it).

176 2352 311 2416 Mnnrnu
334 2371 501 2418 nnsrrsres.
527 2353 582 2418 Pia
606 2373 642 2418 ae
666 2373 736 2418 vere
763 2353 947 2418 sacerdotali
971 2371 1093 2417 eonver-

121 2451 261 2515 satione.
286 2487 308 2498 -
331 2449 413 2514 Filii
434 2451 565 2516 Moriere
588 2451 761 2514 imitatores
784 2451 882 2514 eius...

507 2675 706 2686 -.—-——-

344 2885 432 2950 OAP.
457 2887 497 2950 ll.
523 2923 564 2934 -
589 2888 643 2952 DE
668 2886 873 2952 EPISCOPIS

551 3057 672 3066 n—

174 3195 251 3258 370.
272 3229 306 3240 -
325 3191 513 3261 Tenendum.
530 3231 574 3242 -
590 3195 615 3257 l.
634 3195 785 3259 Ecclesiae
802 3194 974 3259 hierarchia
991 3197 1038 3258 ost
1055 3194 1097 3258 di·

8 3315 9 3320 ’
122 3294 202 3358 vine
226 3291 419 3356 ordinatione
444 3291 531 3356 velut
546 3293 720 3356 nestrorum
737 3292 816 3356 uoles
841 3291 1002 3365 ordinate;
1026 3291 1097 3355 hino

38 3468 42 3476 Ι
123 3392 253 3475 praeter
275 3391 412 3454 coeteros
428 3390 652 3455 ecclesiasticos
676 3390 801 3474 gradus,
827 3390 970 3472 Episcopi
994 3389 1097 3471 quiin

122 3489 354 3570 Apostolorum
377 3488 481 3552 looum
497 3491 710 3552 successerunt
725 3489 765 3552 ed
781 3488 863 3552 hune
874 3487 1096 3552 hierorehioum

122 3585 270 3652 ordinem
285 3586 447 3668 praecipue
463 3585 628 3668 pertinent,
652 3588 684 3649 et
706 3587 802 3668 positi
817 3606 836 3650 e
853 3585 970 3668 Spiritu
987 3585 1098 3651 Sancto

120 3701 233 3767 regere
248 3682 415 3748 Eleelosiam
435 3682 502 3760 Dei,
519 3683 601 3764 iique
622 3684 794 3765 superiores
810 3684 997 3767 presbyteris
1013 3686 1095 3760 sunt,
