2758 4270
258 249 312 304 360
559 253 732 300 conculces
755 253 794 300 llll
818 253 919 302 Rubos

259 451 340 532 quod
363 453 389 516 si
412 452 457 516 ita
479 453 537 528 est,
561 452 615 516 ille
638 452 795 535 malignus
811 453 950 534 spiritus,
967 453 1021 534 qui
1037 453 1155 534 primos
1171 473 1230 536 pa-

259 551 364 641 rentes¹
384 551 506 614 nostros
530 549 672 631 perdidit,
697 549 899 632 perditionem
924 553 1060 614 vestram
1084 551 1229 616 inaures

259 647 378 710 vestras
402 648 576 710 susurrat»
605 648 667 728 (ep.
693 645 856 721 Gonzalez,
881 646 921 710 ad
936 666 961 710 c.
980 647 1000 710 3
1017 647 1054 710 de
1071 646 1135 710 reb.
1154 647 1229 714 eccl.

109 717 110 720 Ἴ
150 786 152 790 -
258 763 322 807 noa
345 743 468 828 aliem).

306 841 401 905 1038.
414 877 458 888 -
470 841 510 905 ll.
533 841 621 906 Laici
644 843 717 906 sunt
740 841 900 924 incapaces
916 861 1007 906 cerae
1021 841 1228 906 administra·

257 939 352 1002 tionis
364 939 598 1016 ecclesiasticae,
612 940 730 1004 seclusa
742 958 883 1022 expressa
895 941 1089 1006 concessione
1100 941 1138 1004 R.
1149 941 1230 1006 Pon-

258 1036 368 1100 tifiois:
396 1061 414 1095 a
437 1035 505 1101 Hoc
527 1037 757 1102 consultissimo
789 1037 1002 1119 prohibemus
1019 1039 1131 1115 edicto,
1155 1039 1228 1102 uni-

258 1153 362 1199 versos
386 1137 418 1199 et
441 1136 580 1218 singulos
603 1136 762 1200 Praelatos
784 1136 937 1200 Ecclesiae
961 1137 1020 1200 sibi
1030 1137 1226 1212 commissae,

258 1232 337 1302 bona
354 1233 537 1309 immobilia,
550 1252 603 1296 seu
620 1235 688 1296 iura
705 1235 841 1318 ipsorum
857 1233 946 1298 laicis
962 1235 1158 1310 submittere,
1171 1253 1227 1298 seu

256 1331 427 1412 subponere
450 1331 564 1412 absque
582 1329 719 1413 Capituli
735 1331 783 1395 sui
799 1350 959 1409 consensu,
976 1334 1008 1396 et
1023 1331 1227 1414 Apostolioae

258 1427 345 1494 Sedis
367 1429 492 1492 licentia
516 1429 687 1511 speciali».
713 1427 820 1513 (Greg.
844 1429 900 1504 IX,
925 1449 974 1512 ap.
998 1429 1179 1512 Pugnae).

263 1546 265 1552 ¹
306 1527 526 1589 icae-111.
544 1552 561 1585 ‹<
576 1527 624 1590 An
648 1527 773 1602 salaria,
790 1528 915 1608 quaein
932 1526 1041 1610 Belgio
1059 1527 1227 1591 solvuntur

258 1623 457 1688 aGubernio
482 1625 664 1689 Pastoribus
688 1627 719 1688 et
747 1623 919 1701 Canonicis,
951 1624 1083 1689 induant
1115 1624 1228 1689 benefi-

232 1723 376 1786 ciorum
399 1742 452 1787 seu
475 1723 626 1787 bonorum
652 1723 927 1787 ecclesiasticorum
947 1723 1093 1800 indolem,
1118 1725 1150 1786 et
1173 1741 1228 1786 an·

258 1839 368 1884 nexam
398 1821 534 1885 habeant
566 1821 787 1904 obligationem
818 1821 1026 1885 inhaerentem
1050 1821 1100 1886 his
1123 1821 1225 1896 boniS,

258 1918 375 1982 scilicet
398 1920 540 1983 strictam
556 1920 587 1984 et
603 1919 782 1983 canonicam
797 1919 1020 2003 obligationem
1035 1918 1226 2001 expendendi

257 2015 413 2098 superflua
447 2018 644 2099 pauperibus,
677 2035 731 2080 seu
761 2017 821 2098 piis
848 2018 960 2092 causis,
984 2019 1016 2080 et
1038 2016 1226 2080 residentiae

257 2116 315 2178 sub
339 2133 436 2196 poena
461 2134 518 2179 non
541 2113 678 2194 faciendi
693 2113 1035 2194 113313333331-11.
1052 2115 1125 2178 Iam
1139 2113 1226 2178 alica

257 2234 278 2276 α
303 2212 419 2276 &actu
450 2212 537 2288 Sede,
565 2213 602 2276 de
632 2212 761 2276 oonsilio
791 2219 925 2276 secretae
952 2210 1224 2294 Conprepate'one's,

258 2331 440 2390 responsum
451 2309 548 2389 111333
564 2309 779 2390 affirmative»
796 2310 840 2393 (8.
858 2313 936 2376 Ρο33
951 2360 958 2386 ,
975 2311 1094 2374 19133.
1111 2311 1225 2391 1819).

259 2445 300 2458 -
329 2434 345 2467 ‹
363 2407 454 2472 Sacra
480 2407 721 2472 Poenitentiaria
744 2409 895 2483 consulta,
920 2427 959 2472 an
984 2409 1038 2472 illa
1065 2408 1225 2489 responsio

258 2507 406 2589 applicari
430 2507 540 2571 debeat
563 2507 695 2582 salariis,
719 2525 798 2586 quae
813 2507 996 2570 Pastoribus
1012 2508 1043 2570 et
1060 2504 1226 2570 Canonicis

250 2599 353 2688 'regni‘
369 2603 546 2674 (tralliarnm¹
568 2623 586 2667 a
610 2602 766 2668 Gubernio
783 2602 959 2677 solvuntur,
976 2603 1225 2685 respondendum

258 2703 399 2767 censuit:
429 2726 446 2760 «
462 2700 666 2782 Affiranctive
681 2723 698 2758 »
726 2700 783 2782 (19
806 2701 889 2783 Aug.
917 2701 1026 2783 1821).

305 2800 400 2864 1040.
426 2835 468 2845 -
492 2799 546 2862 lV.
571 2798 683 2862 Omnes
711 2798 874 2870 Ecclesiae,
905 2797 1078 2862 beneficiati
1110 2796 1227 2862 3103-

257 2898 393 2980 pitulnm
418 2898 562 2962 tenentur
584 2895 727 2960 conficere
751 2896 782 2958 et
806 2895 916 2958 habere
939 2894 1155 2958 fidelissimum
1180 2895 1226 2958 in·

258 2997 434 3061 contorium
458 2995 595 3060 omnium
619 3012 721 3056 rerum
745 2993 962 3070 ettenorum,
991 2994 1027 3056 ut
1059 2992 1225 3058 mandavit

258 3091 364 3158 Sixtus
388 3093 425 3156 V.
450 3129 493 3138 —-
516 3091 578 3156 cfr.
603 3090 773 3170 Quaranta,
805 3091 836 3154 in
868 3111 948 3155 sum.
979 3091 1110 3166 Bullar,
1136 3091 1223 3155 verb.

259 3191 456 3254 Archimeam.
1161 3209 1164 3214 ·

469 3433 472 3438 Ι
574 3350 731 3416 REQUIES
752 3350 907 3404 ANlMAE·
1011 3357 1014 3363 '

303 3495 436 3560 Menum
459 3513 576 3561 coenni.
605 3495 749 3560 «Omnia
774 3513 852 3576 quae
883 3494 995 3558 habere
1022 3493 1120 3576 potui,
1154 3491 1228 3556 dedi

258 3594 479 3678 indigentibus,
503 3595 640 3677 nihilque
664 3594 723 3657 nisi
746 3592 849 3656 cibum
873 3595 997 3656 tenuem
1020 3593 1052 3655 et
1072 3591 1224 3658 vestitum

258 3691 414 3755 reservavi
429 3715 447 3750 »
466 3691 516 3772 (Β.
534 3691 571 3753 V.
589 3691 629 3755 ad
645 3689 675 3755 S.
692 3690 778 3775 Brig.
795 3691 912 3766 Revel,
927 3689 949 3753 l.
969 3691 997 3768 l,
1019 3709 1045 3754 o.
1066 3690 1130 3773 lb).
