2818 4276
324 245 359 294 86
537 245 642 292 TRAOT.
668 247 706 292 DE
731 247 803 293 IURE
828 247 917 292 PUBL.
942 245 974 292 [N
998 247 1069 292 GEN.

369 441 443 504 263.
471 478 508 486 -
528 441 569 504 Il.
589 442 747 506 Romanus
771 441 912 506 Pontifex
935 443 1038 523 potest
1061 441 1231 505 reformare
1260 444 1296 506 et

324 539 473 622 abrogare
504 539 695 603 definitiones
718 541 749 602 et
773 539 893 604 decreta
918 540 1056 603 omnium
1081 537 1295 603 Consiliorum

323 637 529 702 nationalium
560 637 617 720 (1111
649 638 712 702 Lit.
736 637 795 720 Ap.
819 638 877 702 Ad
897 637 1107 716 Apostoltcee,
1147 639 1189 700 22
1217 657 1294 722 aug.

370 833 445 894 264.
470 869 513 878 -
539 829 730 899 immunitas.
752 869 796 877 -—
815 833 839 894 l.
856 831 1007 895 Ecclesiae
1024 836 1056 897 ot
1071 851 1220 912 personae
1245 853 1295 896 ec-

324 929 522 1006 clesiasticae,
539 930 604 992 iure
631 929 764 1012 proprio,
781 929 990 992 immunitatis
1017 929 1182 1013 privilegio
1214 950 1300 1013 gau·

324 1025 407 1102 dent,
432 1027 513 1107 quod
536 1047 694 1108 nunquam
718 1027 818 1090 aiore
847 1027 930 1090 civili
946 1027 1050 1090 ortum
1067 1026 1184 1090 habuit
1205 1027 1295 1108 (Vid.

325 1123 470 1206 Syllam).

372 1222 446 1284 265.
471 1259 515 1268 --
538 1222 579 1284 Il.
596 1223 708 1306 Igitur,
727 1221 841 1302 absque
856 1221 1010 1284 naturalis
1037 1221 1115 1284 iuris
1131 1241 1167 1286 ao
1184 1223 1294 1303 aequi·

324 1319 401 1382 tatis
429 1319 596 1384 violatione
625 1320 732 1400 nequit
756 1319 900 1402 abrogari
923 1338 958 1382 ea
981 1320 1155 1400 personalis
1179 1320 1299 1382 immu-

325 1417 418 1494 111666,
443 1437 504 1499 qua
527 1418 632 1485 clerici,
652 1417 690 1480 ab
715 1435 803 1480 onere
838 1416 1012 1480 subeundae
1047 1417 1297 1498 exercendaeque

325 1515 458 1578 militiae
496 1515 689 1587 eximuntur;
724 1532 777 1576 nee
812 1515 992 1597 progressus
1031 1515 1205 1594 praetextu,
1239 1533 1296 1578 nec

325 1610 424 1676 forma
451 1612 603 1676 liberioris
626 1611 784 1696 regiminis
807 1611 839 1673 in
863 1611 1010 1675 societate
1033 1612 1218 1687 constituta,
1245 1613 1298 1675 ius

325 1707 418 1772 babet
445 1708 524 1772 laica
554 1709 692 1790 potestas
715 1707 891 1788 postulandi
914 1707 1125 1770 immunitatis
1153 1708 1300 1772 ecclosia-

326 1806 421 1870 stioae
441 1805 685 1888 abrogationem.
1130 1873 1132 1877 ,
1267 1805 1269 1807 ’

372 1903 447 1964 266.
476 1937 513 1948 -
531 1901 588 1964 111.
606 1898 1135 1984 (16611611661166166161111616616116
1152 1903 1201 1964 est
1217 1901 1298 1965 etin

327 2018 383 2064 suo
402 1999 516 2063 lurein
546 1997 778 2080 praescribendo
802 1999 882 2062 ritus
907 1998 939 2060 et
955 1997 1169 2061 solemnitates
1193 1999 1226 2062 in
1243 1999 1300 2063 ad·

326 2097 555 2160 ministratione
578 2094 847 2159 sacramentorum
871 2093 1047 2170 servandos,
1064 2094 1096 2158 in
1120 2093 1210 2158 festis
1233 2096 1300 2160 die-

325 2194 383 2260 bus
406 2193 584 2269 indicendis,
596 2193 629 2256 in
648 2191 734 2254 cultu
754 2191 874 2256 Sanctis
893 2191 1066 2267 tribuendo,
1091 2211 1171 2272 quae
1188 2195 1296 2258 omnia

324 2311 385 2357 non
408 2293 538 2373 possunt
562 2291 626 2354 sine
649 2291 739 2371 eulpa
764 2290 949 2366 omittimus
968 2290 1086 2352 mutari
1120 2290 1161 2354 ab
1186 2291 1297 2373 aliquo

327 2391 424 2473 (Trid.
449 2389 513 2453 Ses.
541 2389 592 2464 16,
617 2389 700 2471 666).

331 2486 335 2495 ’
373 2487 447 2550 267.
475 2523 513 2530 -
539 2485 594 2548 IV.
619 2483 746 2564 Quando
770 2485 932 2549 canonicae
956 2484 1152 2566 quaestiones
1181 2488 1299 2550 erami-

261 2663 262 2667 ,
326 2587 451 2661 nentur,
475 2603 529 2646 nec
552 2583 652 2646 civilis
675 2581 775 2658 iudex,
789 2571 896 2664 ¹neque
920 2582 1000 2646 alius
1023 2583 1121 2646 laicus
1145 2584 1299 2649 1116616666

325 2683 449 2765 oportet
465 2681 524 2762 (De
547 2681 649 2757 Luise,
674 2678 775 2744 Codex
799 2677 913 2744 Canon.
937 2699 966 2760 p.
988 2680 1053 2762 12).

372 2780 447 2842 268.
471 2816 515 2824 -
546 2778 584 2840 V.
616 2778 652 2841 ln
687 2778 918 2858 quaestionibus
956 2777 1178 2842 iurisdictionis
1214 2781 1299 2844 inter

326 2877 565 2943 ecclesiasticam
581 2877 612 2938 et
628 2875 750 2938 civilem
766 2875 954 2955 potestatem
970 2874 1160 2952 dirimendis,
1178 2895 1297 2958 nequa-

326 2995 420 3058 quam
435 2973 585 3055 principes
605 2975 636 3036 et
659 2991 756 3055 reges,
774 2973 805 3034 ot
821 2971 1121 3052 rerumpublicarum
1138 2975 1298 3053 praesides

325 3071 496 3154 superiores
513 3071 585 3134 sunt
600 3069 770 3133 Ecclesiae:
788 3068 841 3132 sed
857 3069 942 3149 ipsae
958 3089 976 3132 a
993 3068 1108 3134 Sancta
1133 3069 1212 3134 Sede
1237 3072 1299 3135 Ro-

321 3188 416 3235 mana
440 3169 512 3232 sunt
535 3165 723 3230 definiendae
746 3163 831 3247 (Vid.
856 3162 996 3247 Syllab.).

372 3267 447 3330 269.
472 3301 515 3311 -
543 3264 597 3327 VI.
617 3264 730 3328 Princo
753 3261 840 3324 sedes
862 3281 925 3324 noro
948 3262 1108 3326 iudicatur
1131 3285 1153 3326 a
1176 3284 1300 3344 quoque

326 3364 415 3447 (Can.
441 3362 470 3436 7,
495 3363 524 3425 d.
550 3362 618 3444 21).

371 3461 446 3524 270.
465 3495 507 3508 -
530 3455 678 3527 Ecclesia
702 3457 736 3522 et
760 3453 947 3522 816116.-
970 3455 996 3518 Ι.
1013 3455 1107 3518 Duce
1131 3475 1298 3535 supreme

325 3558 435 3622 mundi
450 3559 621 3637 potestates
636 3552 747 3617 debent
761 3552 953 3628 concorditer
961 3553 1130 3631 procedere
1146 3553 1187 3616 ad
1204 3555 1297 3620 socie-

327 3657 436 3731 tatem,
461 3655 520 3718 rite
536 3671 591 3735 pro
609 3649 765 3734 spirituali
780 3651 812 3712 et
828 3649 992 3730 temporali
1007 3649 1098 3726 bono,
1115 3651 1295 3734 regendam.
