2812 4268
297 271 362 318 CAP.
387 271 418 318 11.
444 273 483 318 ma
507 271 676 320 susurrans
699 273 933 321 ucoussrnsrlcrs
1046 271 1097 326 377

131 489 314 535 concursus:
340 471 392 535 sed
415 471 564 534 maximis
588 469 733 536 laudibus
755 472 948 535 commendat
958 472 1030 537 illos
1045 471 1099 536 Or-

132 568 279 644 di'narios,
304 569 356 650 qui
379 569 480 653 legem
497 588 660 634 concursus
677 569 878 634 introducunt
893 570 1055 652 praecipue
1066 570 1097 634 in

132 666 249 744 Gallia,
273 667 327 731 ubi
349 667 424 731 haec
447 667 629 732 Tridentina
652 667 700 732 lex
724 687 784 732 non
808 668 923 749 ubique
939 671 1097 742 servatum

131 767 167 829 11ο
190 763 357 830 Candidati
380 766 535 848 propriam
559 765 762 830 idoneitatem
786 766 825 830 ad
849 785 990 831 normam
1022 766 1100 830 iuris

130 862 374 943 comprobaturi,
406 883 423 926 a
452 862 631 939 verecunde,
664 863 823 945 divinique
852 863 988 944 obsequii
1018 862 1099 928 desi·

132 959 228 1034 derio,
240 959 273 1022 'et
295 958 407 1023 salutis
431 959 606 1023 animarum
631 978 725 1024 eausa
749 960 850 1024 solum
875 960 1012 1034 adducti,
1025 978 1098 1026 suae

132 1057 260 1121 virtutis
276 1057 455 1121 testimonia
471 1056 638 1139 proferant,
656 1059 687 1120 et
705 1057 899 1122 voluntatem
916 1056 1099 1122 obtinendae

35 1233 37 1240 Ι
132 1154 298 1236 parochiae
321 1154 487 1229 declarent,
511 1154 538 1218 si
561 1154 637 1219 benc
653 1156 747 1236 atque
764 1155 885 1220 utiliter
897 1154 1100 1234 parochianis

131 1253 179 1316 ita
202 1252 395 1326 consulatum
419 1251 528 1315 deinde
551 1269 642 1315 curas
665 1253 824 1326 abiiciunt,
850 1270 1032 1332 omnemque
1055 1251 1100 1316 rei

131 1349 252 1413 exitum
275 1349 315 1413 ad
338 1368 514 1432 supremam
538 1349 596 1413 Dei
620 1350 849 1431 providentiam
872 1350 995 1431 penitus
1022 1350 1099 1414 rele-

132 1448 206 1510 1111
221 1471 252 1524 »,
277 1446 323 1510 ait
345 1445 531 1510 Benedictus
551 1445 636 1522 XIV,
661 1447 737 1510 inst.
765 1447 816 1520 12,
841 1466 872 1510 n.
900 1447 949 1508 11.

181 1543 410 1608 1125.-11.
442 1544 486 1608 111
516 1543 629 1608 Bened.
654 1543 739 1619 XIV,
765 1543 908 1608 Vicarins
939 1542 1099 1607 Generalis

132 1643 242 1723 nequit
256 1661 321 1706 esse
337 1642 529 1706 examinator
544 1643 700 1725 synodalis
716 1643 748 1706 in
764 1661 913 1707 concursu
930 1640 997 1724 (De
1010 1640 1098 1721 Spa„
1203 1706 1206 1712 ,

131 1739 463 1820 1.4,1.7,1.4).“

141 1877 143 1881 .
179 1837 277 1900 1126.
300 1875 343 1884 -
366 1837 424 1900 Ill.
450 1836 595 1902 Graviter
618 1838 733 1913 errant,
759 1838 811 1920 qui
828 1857 881 1919 per
905 1837 1099 1918 importunas

131 1953 236 2016 praees
258 1934 435 1999 libertatem
447 1934 663 2000 Praelatorum
686 1935 718 1998 in
742 1934 929 1999 conferendis
946 1932 1098 1998 beneficiis

131 2033 278 2098 laedunt:
303 2033 334 2096 et
356 2032 484 2116 gravius
508 2035 635 2115 peccant
649 2035 791 2114 potentes
809 2033 900 2096 huius
916 2031 1024 2096 mundi
1039 2031 1097 2094 im·

132 2131 336 2212 portunarum
359 2149 483 2211 precum
499 2131 681 2213 praesertim
698 2130 804 2194 favore
820 2130 1028 2213 indignorum,
1046 2148 1099 2192 au·

132 2230 243 2293 atores.
269 2228 314 2292 De
338 2247 399 2310 qua
422 2229 523 2292 reita
547 2228 724 2311 angelicus,
751 2229 781 2303 2,
807 2229 837 2303 2,
862 2247 890 2308 q.
919 2228 991 2301 110,
1017 2246 1045 2290 a.
1078 2228 1097 2288 5

133 2325 173 2390 ad
196 2327 235 2388 3:
263 2325 425 2406 «Quando
448 2325 528 2390 fiunt
551 2344 653 2408 preces
677 2343 731 2406 pro
753 2325 891 2408 indigno,
909 2325 958 2388 vel
981 2325 1020 2388 ab
1044 2325 1098 2388 ali·

47 2417 50 2420 ’
133 2441 194 2506 quo
217 2425 353 2506 potente,
378 2424 432 2505 qui
455 2423 625 2505 periculum
650 2424 868 2512 comminatur,
893 2439 971 2503 quae
989 2441 1099 2501 preces

131 2525 275 2585 armatae
298 2521 452 2597 dicuntur,
479 2521 640 2585 manifeste
663 2521 795 2586 simonia
827 2520 1048 2594 committitur,
1073 2519 1097 2582 si

129 2621 256 2702 propter
279 2619 337 2683 hoc
361 2618 540 2682 beneficium
564 2619 805 2682 ecclesiasticum
824 2618 931 2690 datum
949 2618 975 2681 si
992 2619 1097 2680 autem

133 2737 188 2800 pro
212 2717 306 2801 digno
329 2716 438 2781 liant...
451 2717 490 2781 'si
513 2719 618 2782 tamen
642 2717 852 2800 principaliter
870 2717 1033 2780 moveatur
1055 2714 1099 2780 fa·

133 2834 208 2880 vore
231 2834 365 2896 precum,
390 2815 438 2878 vel
462 2815 574 2878 timore
605 2815 757 2898 rogantis,
794 2816 945 2895 quantum
981 2813 1020 2876 ad
1055 2811 1097 2875 di-

134 2913 241 2976 vinum
265 2911 424 2987 iudicium,
449 2912 611 2976 simoniam
644 2911 817 2976 committit
847 2914 878 2974 et
908 2913 1036 2994 rogatus
1067 2911 1098 2974 11

134 3029 256 3094 rogans,
281 3011 307 3074 11
331 3009 389 3075 hoc
412 3010 562 3085 intendat,
588 3011 653 3074 1111
676 3009 791 3091 aliquis
806 3027 860 3090 pro
872 3027 904 3072 se
919 3009 1016 3092 roget,
1034 3009 1098 3072 sive

134 3125 189 3190 pro
214 3107 276 3172 alio
293 3131 324 3171 ».

141 3249 143 3254 -
181 3205 277 3268 1127.
305 3241 343 3252 -—
368 3205 423 3269 IV.
440 3205 538 3280 Unde,
556 3205 718 3288 subiungit
734 3203 826 3269 Ocno.
839 3205 918 3287 plen.
931 3203 1002 3266 Am.
1016 3203 1096 3278 Lat,

133 3303 749 3386 111814,111111111111111111111
787 3301 935 3376 Praelati,
971 3302 1023 3380 qui
1058 3301 1098 3363 ad

132 3400 260 3482 aliquod
284 3402 463 3466 beneficium
486 3401 702 3465 eonferendum
727 3400 938 3482 principaliter
964 3417 1099 3462 movere-

131 3501 184 3561 tur
207 3499 312 3563 favcrc
335 3499 534 3581 precum'vel
557 3500 669 3562 timore
693 3499 844 3581 rogantis,
862 3498 926 3560 sine
942 3515 1099 3578 eompara-

130 3596 215 3659 tionc
239 3597 367 3680 gravius
383 3598 464 3661 esset
480 3597 639 3678 peecatum
665 3593 844 3660 huiusmodi
867 3596 1097 3676 potentatuum,

132 3693 186 3775 qui
209 3695 412 3758 conscientiae
437 3696 468 3758 et
484 3693 667 3759 auctoritati
684 3693 901 3757 Praelatorum
917 3691 966 3756 vel
982 3693 1097 3774 aperte,
