2812 4268
313 278 378 326 GAP.
402 279 433 324 11.
459 278 498 324 DE
522 277 692 324 assumens
715 275 950 323 accunslnsulms
1062 271 1111 326 381

148 495 219 540 mus
243 476 344 541 valide
367 495 426 540 non
449 477 610 541 renuntiat
632 477 663 540 iu
687 478 824 540 favorem
847 475 944 549 tertii,
963 475 1020 538 nisi
1044 479 1115 557 post

146 573 409 638 renuntiationem
434 573 615 655 supervivat
638 573 749 656 viginti
774 571 838 635 dies
861 573 1043 653 completos.

196 671 293 734 1137.
310 707 353 718 -—
377 672 455 736 Rue.
481 671 550 733 ΙΨ.
579 669 690 751 Quoad
714 669 848 749 formum
871 670 1116 733 renuntiationis

149 771 270 831 teneto:
293 769 478 849 requiritur:
507 767 538 830 1⁰
568 766 706 844 libertas,
734 765 815 831 unde
847 766 936 830 irrita
967 768 1015 830 est
1041 768 1115 830 resi-

148 865 258 946 gnatio
283 866 314 930 vi
344 867 481 939 extorta;
507 867 542 928 2ο
565 869 653 928 actus
680 864 835 944 publicus,
859 865 896 927 ut
923 863 1046 928 fraudes
1070 864 1114 926 vi-

148 964 274 1037 tentur:
299 964 333 1025 3⁰
348 965 522 1044 resipnotio
544 964 617 1044 fieri
639 963 727 1025 debet
745 983 825 1044 pune
845 965 876 1024 ct
896 959 1115 1036 absolutam

148 1061 255 1142 procul
278 1061 318 1124 ab
334 1062 418 1126 omni
435 1061 533 1142 specie
557 1061 707 1126 simoniae
731 1062 797 1123 eta
820 1058 986 1141 prohibitis
1001 1059 1033 1123 in
1049 1059 1115 1122 iure

148 1157 378 1222 conditionibus
406 1157 489 1239 (vide
514 1155 620 1222 Tloeol.
644 1157 775 1232 Monet,
800 1157 854 1220 ubi
877 1157 914 1220 de
945 1155 1115 1239 praeceptis

148 1254 331 1338 Decalogi);
356 1255 391 1316 4⁰
416 1253 596 1334 Superioris
619 1255 779 1318 licentio...

196 1351 293 1414 1138.
312 1389 353 1400 -—
378 1353 456 1415 ltus.
473 1351 526 1414 Vn
541 1343 804 1416 Renuntiationes
827 1349 1014 1430 inferiorum
1030 1350 1115 1414 benc·

148 1448 292 1527 liciorum
307 1447 490 1528 simpliciter
504 1453 535 1512 et
544 1469 625 1529 pare
640 1448 742 1528 factus
763 1446 930 1512 Ordinarii
946 1449 1117 1511 Antistates

148 1547 210 1608 rite
240 1546 428 1608 admittant:
459 1547 704 1610 renuntiationes
737 1548 843 1610 autem
874 1547 1115 1628 Episcopatuum

149 1643 343 1726 aliorumque
374 1645 528 1709 maiorum
560 1645 781 1710 Beneficiorum
807 1647 845 1709 ab
873 1664 935 1709 nno
967 1643 1116 1708 Pontifice

149 1740 275 1804 admitti
299 1744 438 1823 possunt,
463 1743 536 1823 quin
561 1744 655 1806 etiam
680 1743 710 1806 iu
734 1743 995 1826 resignationibus
1019 1742 1114 1806 Bene·

149 1838 289 1902 liciorum
318 1839 496 1903 inferiorum
520 1859 599 1921 quae
622 1842 679 1904 aut
706 1842 736 1904 in
761 1841 899 1905 favorem
923 1843 1025 1904 certae
1048 1859 1115 1922 per·

149 1955 252 2010 sonae,
270 1939 326 2000 aut
349 1937 407 2001 sub
430 1939 638 2002 reservatione
661 1939 815 2021 pensionis
838 1938 927 2013 fiunt,
945 1939 1116 2002 auctoritas

149 2035 247 2116 ipsius
271 2034 429 2098 Pontificis
453 2036 623 2099 necessaria
647 2037 695 2098 est
719 2035 847 2120 (Soglia
869 2036 936 2118 99).

196 2131 292 2193 1139.
309 2167 353 2178 -—
371 2133 573 2198 Permutatio.
586 2171 630 2179 —
646 2133 695 2196 Ad
712 2135 957 2197 renuntiationes
972 2133 1031 2196 sub
1048 2151 1117 2197 con·
1163 2190 1165 2194 .
1188 2148 1192 2162 ·

148 2227 264 2292 ditione
287 2229 386 2292 factas
410 2231 543 2311 pertinet
569 2229 785 2294 beneficiorum
811 2231 1011 2313 permutatio,
1037 2249 1116 2312 quae

147 2325 348 2389 translationi
371 2327 466 2391 etiarn
490 2327 593 2392 affinis
617 2329 674 2402 est,
691 2329 799 2409 estque
822 2333 932 2390 inntuo
956 2328 1116 2408 beneficio-

147 2444 219 2486 rum
241 2423 383 2488 dimissio
401 2424 459 2488 snb
475 2445 512 2492 ca
535 2425 720 2502 conditione,
738 2430 773 2488 nt
796 2425 927 2506 quilibet
948 2426 1116 2506 nesipnans

146 2521 280 2585 alterins
303 2523 496 2602 nesipncntis
520 2523 701 2603 dominnm
725 2527 941 2604 consequatur.
958 2523 1063 2587 Licinn
1078 2541 1116 2588 nv

147 2635 262 2683 vnnrnn
284 2636 355 2684 usn:
383 2621 417 2682 1ο
442 2619 471 2684 Si
504 2621 730 2704 resignantium
758 2623 888 2702 uterque
912 2639 1003 2683 suum
1028 2619 1116 2684 bene·

147 2719 256 2799 ficium
286 2718 430 2798 nesipnct
459 2719 493 2781 in
528 2739 641 2781 manns
671 2720 843 2798 supterioris
873 2718 1038 2791 Ordiuarii,
1066 2720 1116 2782 cui

148 2813 330 2878 beneficium
361 2816 409 2878 est
443 2816 635 2890 subiectum3
664 2818 701 2878 2⁰
733 2816 764 2880 si
795 2817 904 2880 deinde
935 2815 1116 2880 Ordinarius

147 2911 295 2976 beneficia
318 2913 363 2975 sic
385 2914 543 2996 resignata
566 2914 771 2996 permutando
796 2916 934 2978 conferat
957 2915 1032 2996 ipsis
1052 2933 1117 2997 per-

148 3009 362 3083 mutantibus;
388 3011 423 3072 30
437 3010 474 3073 Si
494 3031 614 3090 semper
629 3012 820 3075 interveniat
836 3011 1001 3076 ordinarii
1015 3016 1115 3075 ancto-

147 3108 252 3182 nitusr
274 3107 310 3168 4⁰
334 3106 366 3170 Si
397 3109 586 3189 permutatio
618 3108 678 3187 fiat
705 3129 743 3172 en
772 3106 858 3172 insto
889 3130 984 3173 cansa
1014 3111 1046 3174 et
1076 3111 1116 3173 ab

148 3203 312 3268 Ordinario
336 3201 472 3288 cognita,
489 3205 606 3268 scilicet
628 3205 660 3268 in
685 3205 837 3269 Ecclesiae
853 3206 1051 3270 commodum
1067 3207 1116 3270 vel

147 3301 261 3366 saltem
285 3302 317 3366 in
341 3303 587 3383 permutantium
611 3302 784 3366 utilitatem
808 3303 915 3378 talem,
933 3322 1011 3384 quae
1027 3305 1117 3367 cedat
1194 3370 1196 3375 ,

148 3401 179 3464 in
203 3400 301 3481 ipsius
324 3400 478 3465 Ecclesiae
502 3400 675 3464 utilitatem
700 3401 906 3486 (Huguenin).

195 3497 300 3561 1140„
324 3535 362 3542 -
398 3499 611 3565 Necessariae
642 3500 838 3566 vacationes.
870 3537 913 3545 -
944 3498 1115 3564 Occasione

147 3610 267 3658 nunrcnr
289 3611 384 3659 mun
406 3613 457 3660 ins
479 3611 633 3660 cunamen
664 3610 874 3660 eurvnmounu
901 3613 1116 3662 raonnuunlu:

150 3691 184 3753 10
207 3690 239 3754 in
273 3709 344 3755 casu
376 3691 535 3756 assassinii
566 3691 666 3773 quoad
697 3693 938 3770 committentes,
967 3694 998 3756 et
1029 3711 1116 3757 nran-
