<?xml version="1.0" encoding="UTF-8"?>
<!DOCTYPE html PUBLIC "-//W3C//DTD XHTML 1.0 Transitional//EN"
    "http://www.w3.org/TR/xhtml1/DTD/xhtml1-transitional.dtd">
<html xmlns="http://www.w3.org/1999/xhtml" xml:lang="en" lang="en">
 <head>
  <title>
</title>
<meta http-equiv="Content-Type" content="text/html;charset=utf-8" />
  <meta name='ocr-system' content='tesseract 3.04.00' />
  <meta name='ocr-capabilities' content='ocr_page ocr_carea ocr_par ocr_line ocrx_word'/>
</head>
<body>
  <div class='ocr_page' id='page_1' title='image "./compendiumiuris00tutgoog_0300.png"; bbox 0 0 2758 4270; ppageno 0'>
   <div class='ocr_carea' id='block_1_1' title="bbox 287 248 1103 307">
    <p class='ocr_par' dir='ltr' id='par_1_1' title="bbox 287 248 1103 307">
     <span class='ocr_line' id='line_1_1' title="bbox 287 248 1103 307; baseline 0.015 -11"><span class='ocrx_word' id='word_1_1' title='bbox 287 248 351 296; x_wconf 77' lang='lat' dir='ltr'><strong>GAP.</strong></span> <span class='ocrx_word' id='word_1_2' title='bbox 377 253 405 296; x_wconf 88' lang='lat' dir='ltr'><em>V.</em></span> <span class='ocrx_word' id='word_1_3' title='bbox 429 251 468 298; x_wconf 82' lang='lat' dir='ltr'><em>DE</em></span> <span class='ocrx_word' id='word_1_4' title='bbox 493 252 648 300; x_wconf 73' lang='lat' dir='ltr'><em>Mounesis</em></span> <span class='ocrx_word' id='word_1_5' title='bbox 671 253 709 300; x_wconf 83' lang='grc' dir='ltr'><em>ΕΤ</em></span> <span class='ocrx_word' id='word_1_6' title='bbox 733 253 948 302; x_wconf 74' lang='lat' dir='ltr'>REGULARIBUS</span> <span class='ocrx_word' id='word_1_7' title='bbox 1053 254 1103 307; x_wconf 80' lang='lat'><em>291</em></span> 
     </span>
    </p>
   </div>
   <div class='ocr_carea' id='block_1_2' title="bbox 111 450 1175 2888">
    <p class='ocr_par' dir='ltr' id='par_1_2' title="bbox 111 450 1105 825">
     <span class='ocr_line' id='line_1_2' title="bbox 111 450 1105 532; baseline 0.006 -18"><span class='ocrx_word' id='word_1_8' title='bbox 111 452 235 515; x_wconf 85' lang='lat' dir='ltr'><em>sarias</em></span> <span class='ocrx_word' id='word_1_9' title='bbox 260 450 424 514; x_wconf 72' lang='lat' dir='ltr'><em>dumtaxat</em></span> <span class='ocrx_word' id='word_1_10' title='bbox 438 451 481 514; x_wconf 84' lang='lat' dir='ltr'><em>ad</em></span> <span class='ocrx_word' id='word_1_11' title='bbox 497 453 638 532; x_wconf 83' lang='lat' dir='ltr'><em>primam</em></span> <span class='ocrx_word' id='word_1_12' title='bbox 657 455 830 530; x_wconf 76' lang='lat' dir='ltr'><em>tonsuram,</em></span> <span class='ocrx_word' id='word_1_13' title='bbox 848 460 879 516; x_wconf 89' lang='lat' dir='ltr'><em>et</em></span> <span class='ocrx_word' id='word_1_14' title='bbox 900 455 944 518; x_wconf 84' lang='lat' dir='ltr'><em>ad</em></span> <span class='ocrx_word' id='word_1_15' title='bbox 970 453 1105 520; x_wconf 79' lang='lat' dir='ltr'><strong><em>Ordines</em></strong></span> 
     </span>
     <span class='ocr_line' id='line_1_3' title="bbox 113 549 1105 636; baseline 0.006 -24"><span class='ocrx_word' id='word_1_16' title='bbox 113 550 279 622; x_wconf 85' lang='lat' dir='ltr'><em>minares,</em></span> <span class='ocrx_word' id='word_1_17' title='bbox 305 549 437 614; x_wconf 85' lang='lat' dir='ltr'><em>serratis</em></span> <span class='ocrx_word' id='word_1_18' title='bbox 461 552 566 614; x_wconf 90' lang='lat' dir='ltr'><em>tamen</em></span> <span class='ocrx_word' id='word_1_19' title='bbox 592 549 628 612; x_wconf 89' lang='lat' dir='ltr'><em>de</em></span> <span class='ocrx_word' id='word_1_20' title='bbox 661 550 726 614; x_wconf 90' lang='lat' dir='ltr'><em>iure</em></span> <span class='ocrx_word' id='word_1_21' title='bbox 759 551 927 626; x_wconf 86' lang='lat' dir='ltr'><em>servandis,</em></span> <span class='ocrx_word' id='word_1_22' title='bbox 957 554 989 617; x_wconf 89' lang='lat' dir='ltr'><em>et</em></span> <span class='ocrx_word' id='word_1_23' title='bbox 1020 574 1105 636; x_wconf 80' lang='lat' dir='ltr'><em>prae</em></span> 
     </span>
     <span class='ocr_line' id='line_1_4' title="bbox 113 646 1103 732; baseline 0.007 -22"><span class='ocrx_word' id='word_1_24' title='bbox 113 646 242 710; x_wconf 87' lang='lat' dir='ltr'><em>sertim</em></span> <span class='ocrx_word' id='word_1_25' title='bbox 256 665 334 726; x_wconf 87' lang='lat' dir='ltr'><em>quae</em></span> <span class='ocrx_word' id='word_1_26' title='bbox 346 647 426 710; x_wconf 88' lang='lat' dir='ltr'><em>circa</em></span> <span class='ocrx_word' id='word_1_27' title='bbox 438 647 648 712; x_wconf 79' lang='lat' dir='ltr'><em>ordinationes</em></span> <span class='ocrx_word' id='word_1_28' title='bbox 657 647 862 730; x_wconf 82' lang='lat' dir='ltr'><em>Regularium</em></span> <span class='ocrx_word' id='word_1_29' title='bbox 875 649 914 713; x_wconf 92' lang='lat' dir='ltr'><em>ab</em></span> <span class='ocrx_word' id='word_1_30' title='bbox 924 651 1103 732; x_wconf 87' lang='lat' dir='ltr'><em>Apostolica</em></span> 
     </span>
     <span class='ocr_line' id='line_1_5' title="bbox 117 743 520 825; baseline 0 -17"><span class='ocrx_word' id='word_1_31' title='bbox 117 743 211 808; x_wconf 83' lang='lat' dir='ltr'>Sede</span> <span class='ocrx_word' id='word_1_32' title='bbox 228 746 418 825; x_wconf 89' lang='lat' dir='ltr'><em>praescripta</em></span> <span class='ocrx_word' id='word_1_33' title='bbox 435 747 520 808; x_wconf 90' lang='lat' dir='ltr'><em>sunt.</em></span> 
     </span>
    </p>

    <p class='ocr_par' dir='ltr' id='par_1_3' title="bbox 171 841 1105 925">
     <span class='ocr_line' id='line_1_6' title="bbox 171 841 1105 925; baseline 0.009 -21"><span class='ocrx_word' id='word_1_34' title='bbox 171 842 257 904; x_wconf 82' lang='grc'>864.</span> <span class='ocrx_word' id='word_1_35' title='bbox 272 877 313 890; x_wconf 89' lang='lat'><em>-·</em></span> <span class='ocrx_word' id='word_1_36' title='bbox 328 863 347 906; x_wconf 68' lang='lat' dir='ltr'><em>e</em></span> <span class='ocrx_word' id='word_1_37' title='bbox 364 842 450 905; x_wconf 86' lang='lat' dir='ltr'>VIII.</span> <span class='ocrx_word' id='word_1_38' title='bbox 465 843 559 906; x_wconf 82' lang='lat' dir='ltr'><em>Auni</em></span> <span class='ocrx_word' id='word_1_39' title='bbox 574 841 794 923; x_wconf 77' lang='lat' dir='ltr'><em>professionis,</em></span> <span class='ocrx_word' id='word_1_40' title='bbox 812 847 868 925; x_wconf 82' lang='lat' dir='ltr'><em>qui</em></span> <span class='ocrx_word' id='word_1_41' title='bbox 890 848 924 910; x_wconf 89' lang='lat' dir='ltr'><em>iu</em></span> <span class='ocrx_word' id='word_1_42' title='bbox 948 847 1029 911; x_wconf 85' lang='lat' dir='ltr'><em>dioto</em></span> <span class='ocrx_word' id='word_1_43' title='bbox 1049 845 1105 912; x_wconf 89' lang='lat' dir='ltr'><em>Or-</em></span> 
     </span>
    </p>

    <p class='ocr_par' dir='ltr' id='par_1_4' title="bbox 117 939 1105 2299">
     <span class='ocr_line' id='line_1_7' title="bbox 117 939 1105 1025; baseline 0.007 -22"><span class='ocrx_word' id='word_1_44' title='bbox 117 939 207 1003; x_wconf 81' lang='lat' dir='ltr'><em>dine</em></span> <span class='ocrx_word' id='word_1_45' title='bbox 232 940 447 1019; x_wconf 78' lang='lat' dir='ltr'><em>requirantur,</em></span> <span class='ocrx_word' id='word_1_46' title='bbox 475 946 511 1003; x_wconf 90' lang='lat' dir='ltr'><em>ut</em></span> <span class='ocrx_word' id='word_1_47' title='bbox 537 942 608 1020; x_wconf 87' lang='lat' dir='ltr'><em>quis</em></span> <span class='ocrx_word' id='word_1_48' title='bbox 632 961 701 1004; x_wconf 89' lang='lat' dir='ltr'><em>ooee</em></span> <span class='ocrx_word' id='word_1_49' title='bbox 724 944 827 1005; x_wconf 84' lang='lat' dir='ltr'><em>activa</em></span> <span class='ocrx_word' id='word_1_50' title='bbox 844 948 874 1022; x_wconf 88' lang='lat' dir='ltr'><em>et</em></span> <span class='ocrx_word' id='word_1_51' title='bbox 885 947 1014 1023; x_wconf 80' lang='lat' dir='ltr'><em>passiva</em></span> <span class='ocrx_word' id='word_1_52' title='bbox 1029 965 1105 1025; x_wconf 80' lang='lat' dir='ltr'><em>pau-</em></span> 
     </span>
     <span class='ocr_line' id='line_1_8' title="bbox 119 1039 1104 1122; baseline 0.006 -20"><span class='ocrx_word' id='word_1_53' title='bbox 119 1039 217 1114; x_wconf 85' lang='lat' dir='ltr'><em>oleat,</em></span> <span class='ocrx_word' id='word_1_54' title='bbox 243 1041 275 1101; x_wconf 90' lang='lat' dir='ltr'><em>et</em></span> <span class='ocrx_word' id='word_1_55' title='bbox 297 1039 336 1101; x_wconf 89' lang='lat' dir='ltr'><em>ad</em></span> <span class='ocrx_word' id='word_1_56' title='bbox 360 1039 460 1102; x_wconf 89' lang='lat' dir='ltr'><em>officia</em></span> <span class='ocrx_word' id='word_1_57' title='bbox 485 1039 612 1103; x_wconf 79' lang='lat' dir='ltr'><em>admitti</em></span> <span class='ocrx_word' id='word_1_58' title='bbox 628 1040 730 1122; x_wconf 82' lang='lat' dir='ltr'><em>possIt</em></span> <span class='ocrx_word' id='word_1_59' title='bbox 754 1059 772 1103; x_wconf 87' lang='lat' dir='ltr'><em>a</em></span> <span class='ocrx_word' id='word_1_60' title='bbox 796 1041 845 1105; x_wconf 92' lang='lat' dir='ltr'><em>die</em></span> <span class='ocrx_word' id='word_1_61' title='bbox 861 1044 1034 1108; x_wconf 89' lang='lat' dir='ltr'><em>emissionis</em></span> <span class='ocrx_word' id='word_1_62' title='bbox 1051 1063 1104 1109; x_wconf 90' lang='lat' dir='ltr'><em>vo-</em></span> 
     </span>
     <span class='ocr_line' id='line_1_9' title="bbox 121 1137 1102 1221; baseline 0.005 -20"><span class='ocrx_word' id='word_1_63' title='bbox 121 1140 240 1202; x_wconf 89' lang='lat' dir='ltr'><em>torum</em></span> <span class='ocrx_word' id='word_1_64' title='bbox 266 1137 453 1218; x_wconf 91' lang='lat' dir='ltr'><em>simplicium</em></span> <span class='ocrx_word' id='word_1_65' title='bbox 484 1139 723 1219; x_wconf 85' lang='lat' dir='ltr'><em>computantur;</em></span> <span class='ocrx_word' id='word_1_66' title='bbox 751 1141 783 1202; x_wconf 92' lang='lat' dir='ltr'><em>et</em></span> <span class='ocrx_word' id='word_1_67' title='bbox 807 1141 934 1221; x_wconf 80' lang='lat' dir='ltr'><em>professi</em></span> <span class='ocrx_word' id='word_1_68' title='bbox 959 1145 1102 1206; x_wconf 89' lang='lat' dir='ltr'><em>votorum</em></span> 
     </span>
     <span class='ocr_line' id='line_1_10' title="bbox 119 1233 1102 1320; baseline 0.003 -20"><span class='ocrx_word' id='word_1_69' title='bbox 119 1233 325 1316; x_wconf 89' lang='lat' dir='ltr'><em>simplicium</em></span> <span class='ocrx_word' id='word_1_70' title='bbox 348 1235 531 1317; x_wconf 83' lang='lat' dir='ltr'><em>suffragium</em></span> <span class='ocrx_word' id='word_1_71' title='bbox 555 1235 690 1298; x_wconf 81' lang='lat' dir='ltr'><em>habeant</em></span> <span class='ocrx_word' id='word_1_72' title='bbox 714 1235 744 1298; x_wconf 94' lang='lat' dir='ltr'><em>in</em></span> <span class='ocrx_word' id='word_1_73' title='bbox 769 1237 848 1300; x_wconf 90' lang='lat' dir='ltr'><em>actis</em></span> <span class='ocrx_word' id='word_1_74' title='bbox 878 1239 1102 1320; x_wconf 81' lang='lat' dir='ltr'><em>capitularibus</em></span> 
     </span>
     <span class='ocr_line' id='line_1_11' title="bbox 121 1333 1103 1415; baseline 0.002 -17"><span class='ocrx_word' id='word_1_75' title='bbox 121 1335 178 1398; x_wconf 88' lang='lat' dir='ltr'><em>sui</em></span> <span class='ocrx_word' id='word_1_76' title='bbox 196 1333 385 1409; x_wconf 73' lang='lat' dir='ltr'><em>,conventus</em></span> <span class='ocrx_word' id='word_1_77' title='bbox 418 1335 571 1413; x_wconf 89' lang='lat' dir='ltr'><em>quatenus</em></span> <span class='ocrx_word' id='word_1_78' title='bbox 602 1335 634 1396; x_wconf 94' lang='lat' dir='ltr'><em>et</em></span> <span class='ocrx_word' id='word_1_79' title='bbox 665 1335 759 1415; x_wconf 93' lang='lat' dir='ltr'><em>prout</em></span> <span class='ocrx_word' id='word_1_80' title='bbox 783 1334 899 1398; x_wconf 89' lang='lat' dir='ltr'><em>habent</em></span> <span class='ocrx_word' id='word_1_81' title='bbox 926 1335 1103 1402; x_wconf 89' lang='lat' dir='ltr'><em>solemniter</em></span> 
     </span>
     <span class='ocr_line' id='line_1_12' title="bbox 124 1431 277 1516; baseline -0.02 -20"><span class='ocrx_word' id='word_1_82' title='bbox 124 1431 277 1516; x_wconf 83' lang='lat' dir='ltr'><em>professi.</em></span> 
     </span>
     <span class='ocr_line' id='line_1_13' title="bbox 138 1529 1102 1611; baseline 0.004 -20"><span class='ocrx_word' id='word_1_83' title='bbox 138 1573 144 1580; x_wconf 89' lang='lat'>-</span> <span class='ocrx_word' id='word_1_84' title='bbox 175 1529 255 1592; x_wconf 84' lang='lat'>865.</span> <span class='ocrx_word' id='word_1_85' title='bbox 280 1565 324 1575; x_wconf 89' lang='lat'>-</span> <span class='ocrx_word' id='word_1_86' title='bbox 350 1529 435 1592; x_wconf 77' lang='lat' dir='ltr'>«IX.</span> <span class='ocrx_word' id='word_1_87' title='bbox 460 1529 595 1593; x_wconf 86' lang='lat' dir='ltr'><em>Professi</em></span> <span class='ocrx_word' id='word_1_88' title='bbox 620 1532 765 1593; x_wconf 89' lang='lat' dir='ltr'><em>votorum</em></span> <span class='ocrx_word' id='word_1_89' title='bbox 794 1530 981 1611; x_wconf 89' lang='lat' dir='ltr'><em>simplicium</em></span> <span class='ocrx_word' id='word_1_90' title='bbox 1006 1531 1102 1596; x_wconf 92' lang='lat' dir='ltr'><em>domi·</em></span> 
     </span>
     <span class='ocr_line' id='line_1_14' title="bbox 123 1625 1103 1711; baseline 0.003 -20"><span class='ocrx_word' id='word_1_91' title='bbox 123 1629 221 1692; x_wconf 88' lang='lat' dir='ltr'><em>nium</em></span> <span class='ocrx_word' id='word_1_92' title='bbox 246 1625 393 1700; x_wconf 84' lang='lat' dir='ltr'><em>radicale,</em></span> <span class='ocrx_word' id='word_1_93' title='bbox 411 1627 458 1689; x_wconf 90' lang='lat' dir='ltr'><em>uti</em></span> <span class='ocrx_word' id='word_1_94' title='bbox 475 1627 573 1703; x_wconf 89' lang='lat' dir='ltr'><em>aiunt,</em></span> <span class='ocrx_word' id='word_1_95' title='bbox 591 1645 719 1692; x_wconf 90' lang='lat' dir='ltr'><em>suorum</em></span> <span class='ocrx_word' id='word_1_96' title='bbox 737 1627 888 1691; x_wconf 90' lang='lat' dir='ltr'><em>bonorum</em></span> <span class='ocrx_word' id='word_1_97' title='bbox 905 1629 1036 1692; x_wconf 89' lang='lat' dir='ltr'><em>retinere</em></span> <span class='ocrx_word' id='word_1_98' title='bbox 1052 1649 1103 1711; x_wconf 92' lang='lat' dir='ltr'><em>po·</em></span> 
     </span>
     <span class='ocr_line' id='line_1_15' title="bbox 124 1725 1102 1800; baseline 0.002 -10"><span class='ocrx_word' id='word_1_99' title='bbox 124 1727 250 1800; x_wconf 83' lang='lat' dir='ltr'><em>terunt,</em></span> <span class='ocrx_word' id='word_1_100' title='bbox 275 1726 394 1789; x_wconf 84' lang='lat' dir='ltr'><em>aedeis</em></span> <span class='ocrx_word' id='word_1_101' title='bbox 419 1727 543 1790; x_wconf 88' lang='lat' dir='ltr'><em>omnino</em></span> <span class='ocrx_word' id='word_1_102' title='bbox 579 1725 745 1789; x_wconf 88' lang='lat' dir='ltr'><em>interdicta</em></span> <span class='ocrx_word' id='word_1_103' title='bbox 769 1729 817 1790; x_wconf 89' lang='lat' dir='ltr'><em>est</em></span> <span class='ocrx_word' id='word_1_104' title='bbox 840 1745 946 1790; x_wconf 90' lang='lat' dir='ltr'><em>eorum</em></span> <span class='ocrx_word' id='word_1_105' title='bbox 971 1727 1102 1792; x_wconf 74' lang='lat' dir='ltr'><em>admini=</em></span> 
     </span>
     <span class='ocr_line' id='line_1_16' title="bbox 122 1823 1101 1909; baseline 0 -19"><span class='ocrx_word' id='word_1_106' title='bbox 122 1825 256 1899; x_wconf 88' lang='lat' dir='ltr'><em>stratio,</em></span> <span class='ocrx_word' id='word_1_107' title='bbox 282 1827 313 1887; x_wconf 92' lang='lat' dir='ltr'><em>et</em></span> <span class='ocrx_word' id='word_1_108' title='bbox 336 1823 514 1886; x_wconf 84' lang='lat' dir='ltr'><em>reddituum</em></span> <span class='ocrx_word' id='word_1_109' title='bbox 532 1824 669 1906; x_wconf 81' lang='lat' dir='ltr'><em>erogatio</em></span> <span class='ocrx_word' id='word_1_110' title='bbox 685 1825 779 1904; x_wconf 89' lang='lat' dir='ltr'><em>atque</em></span> <span class='ocrx_word' id='word_1_111' title='bbox 795 1843 879 1888; x_wconf 91' lang='lat' dir='ltr'><em>usus.</em></span> <span class='ocrx_word' id='word_1_112' title='bbox 897 1825 1018 1890; x_wconf 88' lang='lat' dir='ltr'><em>Debent</em></span> <span class='ocrx_word' id='word_1_113' title='bbox 1033 1845 1101 1909; x_wconf 89' lang='lat' dir='ltr'><em>pro·</em></span> 
     </span>
     <span class='ocr_line' id='line_1_17' title="bbox 125 1918 1100 2006; baseline 0.002 -21"><span class='ocrx_word' id='word_1_114' title='bbox 125 1924 239 2006; x_wconf 85' lang='lat' dir='ltr'><em>pterea</em></span> <span class='ocrx_word' id='word_1_115' title='bbox 250 1923 321 1985; x_wconf 90' lang='lat' dir='ltr'><em>ante</em></span> <span class='ocrx_word' id='word_1_116' title='bbox 331 1918 549 2004; x_wconf 80' lang='lat' dir='ltr'><em>professionem</em></span> <span class='ocrx_word' id='word_1_117' title='bbox 566 1922 709 1984; x_wconf 90' lang='lat' dir='ltr'><em>votorum</em></span> <span class='ocrx_word' id='word_1_118' title='bbox 723 1922 912 2002; x_wconf 90' lang='lat' dir='ltr'><em>simplicium</em></span> <span class='ocrx_word' id='word_1_119' title='bbox 925 1923 1100 2006; x_wconf 84' lang='lat' dir='ltr'><em>cedere,pro</em></span> 
     </span>
     <span class='ocr_line' id='line_1_18' title="bbox 128 2019 1100 2102; baseline 0 -16"><span class='ocrx_word' id='word_1_120' title='bbox 128 2027 274 2102; x_wconf 78' lang='lat' dir='ltr'><em>tenrpore</em></span> <span class='ocrx_word' id='word_1_121' title='bbox 298 2039 358 2100; x_wconf 92' lang='lat' dir='ltr'><em>quo</em></span> <span class='ocrx_word' id='word_1_122' title='bbox 383 2019 414 2082; x_wconf 92' lang='lat' dir='ltr'><em>in</em></span> <span class='ocrx_word' id='word_1_123' title='bbox 430 2019 536 2082; x_wconf 89' lang='lat' dir='ltr'><em>eadem</em></span> <span class='ocrx_word' id='word_1_124' title='bbox 550 2021 696 2082; x_wconf 87' lang='lat' dir='ltr'><em>votorum</em></span> <span class='ocrx_word' id='word_1_125' title='bbox 710 2019 898 2102; x_wconf 89' lang='lat' dir='ltr'><em>sirnplicium</em></span> <span class='ocrx_word' id='word_1_126' title='bbox 913 2019 1100 2102; x_wconf 85' lang='lat' dir='ltr'><em>professione</em></span> 
     </span>
     <span class='ocr_line' id='line_1_19' title="bbox 125 2115 1099 2202; baseline 0.001 -20"><span class='ocrx_word' id='word_1_127' title='bbox 125 2118 366 2202; x_wconf 74' lang='lat' dir='ltr'><em>permanserim,</em></span> <span class='ocrx_word' id='word_1_128' title='bbox 392 2115 705 2192; x_wconf 80' lang='lat' dir='ltr'><em>administratIonem</em></span> <span class='ocrx_word' id='word_1_129' title='bbox 730 2116 937 2192; x_wconf 82' lang='lat' dir='ltr'><em>usufructum,</em></span> <span class='ocrx_word' id='word_1_130' title='bbox 956 2119 987 2181; x_wconf 90' lang='lat' dir='ltr'><em>et</em></span> <span class='ocrx_word' id='word_1_131' title='bbox 1007 2137 1099 2183; x_wconf 89' lang='lat' dir='ltr'><em>usum</em></span> 
     </span>
     <span class='ocr_line' id='line_1_20' title="bbox 126 2213 934 2299; baseline -0.004 -19"><span class='ocrx_word' id='word_1_132' title='bbox 126 2217 245 2299; x_wconf 87' lang='lat' dir='ltr'><em>quibus</em></span> <span class='ocrx_word' id='word_1_133' title='bbox 269 2216 313 2278; x_wconf 88' lang='lat' dir='ltr'><em>eis</em></span> <span class='ocrx_word' id='word_1_134' title='bbox 335 2215 497 2298; x_wconf 82' lang='lat' dir='ltr'><em>placuerit,</em></span> <span class='ocrx_word' id='word_1_135' title='bbox 523 2232 584 2278; x_wconf 92' lang='lat' dir='ltr'><em>non</em></span> <span class='ocrx_word' id='word_1_136' title='bbox 609 2215 714 2278; x_wconf 90' lang='lat' dir='ltr'><em>tamen</em></span> <span class='ocrx_word' id='word_1_137' title='bbox 739 2233 793 2278; x_wconf 91' lang='lat' dir='ltr'><em>suo</em></span> <span class='ocrx_word' id='word_1_138' title='bbox 816 2213 934 2278; x_wconf 90' lang='lat' dir='ltr'><em>Ordini.</em></span> 
     </span>
    </p>

    <p class='ocr_par' dir='ltr' id='par_1_5' title="bbox 126 2311 1099 2588">
     <span class='ocr_line' id='line_1_21' title="bbox 176 2311 1099 2394; baseline 0 -16"><span class='ocrx_word' id='word_1_139' title='bbox 176 2313 252 2378; x_wconf 87' lang='grc'>866.</span> <span class='ocrx_word' id='word_1_140' title='bbox 281 2350 320 2359; x_wconf 90' lang='grc'><strong>-</strong></span> <span class='ocrx_word' id='word_1_141' title='bbox 349 2337 365 2370; x_wconf 66' lang='lat' dir='ltr'><em>a</em></span> <span class='ocrx_word' id='word_1_142' title='bbox 389 2312 427 2374; x_wconf 91' lang='lat' dir='ltr'><em>X.</em></span> <span class='ocrx_word' id='word_1_143' title='bbox 452 2311 586 2376; x_wconf 89' lang='lat' dir='ltr'><em>Professi</em></span> <span class='ocrx_word' id='word_1_144' title='bbox 610 2313 755 2376; x_wconf 83' lang='lat' dir='ltr'><em>votorum</em></span> <span class='ocrx_word' id='word_1_145' title='bbox 790 2312 978 2394; x_wconf 87' lang='lat' dir='ltr'><em>simplicium</em></span> <span class='ocrx_word' id='word_1_146' title='bbox 1002 2333 1099 2378; x_wconf 90' lang='lat' dir='ltr'><em>rema-</em></span> 
     </span>
     <span class='ocr_line' id='line_1_22' title="bbox 126 2407 1098 2488; baseline -0.006 -7"><span class='ocrx_word' id='word_1_147' title='bbox 126 2433 199 2482; x_wconf 88' lang='lat' dir='ltr'><em>ncre</em></span> <span class='ocrx_word' id='word_1_148' title='bbox 224 2411 336 2475; x_wconf 87' lang='lat' dir='ltr'><em>debent</em></span> <span class='ocrx_word' id='word_1_149' title='bbox 359 2411 391 2472; x_wconf 92' lang='lat' dir='ltr'><em>in</em></span> <span class='ocrx_word' id='word_1_150' title='bbox 414 2409 556 2472; x_wconf 87' lang='lat' dir='ltr'><em>domibus</em></span> <span class='ocrx_word' id='word_1_151' title='bbox 580 2407 772 2484; x_wconf 88' lang='lat' dir='ltr'><em>Professorii,</em></span> <span class='ocrx_word' id='word_1_152' title='bbox 790 2410 822 2472; x_wconf 93' lang='lat' dir='ltr'><em>et</em></span> <span class='ocrx_word' id='word_1_153' title='bbox 850 2409 1042 2488; x_wconf 85' lang='lat' dir='ltr'><em>Studiorum,</em></span> <span class='ocrx_word' id='word_1_154' title='bbox 1066 2413 1098 2476; x_wconf 92' lang='lat' dir='ltr'><em>et</em></span> 
     </span>
     <span class='ocr_line' id='line_1_23' title="bbox 127 2507 829 2588; baseline -0.01 -10"><span class='ocrx_word' id='word_1_155' title='bbox 127 2514 231 2578; x_wconf 86' lang='lat' dir='ltr'><em>vitam</em></span> <span class='ocrx_word' id='word_1_156' title='bbox 247 2527 441 2573; x_wconf 89' lang='lat' dir='ltr'><em>communem</em></span> <span class='ocrx_word' id='word_1_157' title='bbox 466 2507 633 2588; x_wconf 84' lang='lat' dir='ltr'><em>perfectam</em></span> <span class='ocrx_word' id='word_1_158' title='bbox 658 2507 829 2571; x_wconf 85' lang='lat' dir='ltr'><em>observare.</em></span> 
     </span>
    </p>

    <p class='ocr_par' dir='ltr' id='par_1_6' title="bbox 128 2604 1175 2888">
     <span class='ocr_line' id='line_1_24' title="bbox 175 2604 1097 2673; baseline -0.001 -1"><span class='ocrx_word' id='word_1_159' title='bbox 175 2609 252 2672; x_wconf 83' lang='grc'>867.</span> <span class='ocrx_word' id='word_1_160' title='bbox 277 2645 318 2654; x_wconf 91' lang='grc'><em>--</em></span> <span class='ocrx_word' id='word_1_161' title='bbox 348 2631 364 2664; x_wconf 86' lang='lat'><strong>«</strong></span> <span class='ocrx_word' id='word_1_162' title='bbox 381 2605 435 2668; x_wconf 88' lang='lat' dir='ltr'><em>XI.</em></span> <span class='ocrx_word' id='word_1_163' title='bbox 460 2605 509 2668; x_wconf 87' lang='lat' dir='ltr'><em>Ad</em></span> <span class='ocrx_word' id='word_1_164' title='bbox 534 2604 635 2668; x_wconf 88' lang='lat' dir='ltr'><em>valide</em></span> <span class='ocrx_word' id='word_1_165' title='bbox 658 2606 828 2670; x_wconf 87' lang='lat' dir='ltr'><em>emittenda</em></span> <span class='ocrx_word' id='word_1_166' title='bbox 852 2609 925 2672; x_wconf 86' lang='lat' dir='ltr'><em>vota</em></span> <span class='ocrx_word' id='word_1_167' title='bbox 949 2607 1097 2673; x_wconf 87' lang='lat' dir='ltr'><em>solemnia</em></span> 
     </span>
     <span class='ocr_line' id='line_1_25' title="bbox 128 2703 1175 2793; baseline -0.004 -20"><span class='ocrx_word' id='word_1_168' title='bbox 128 2711 201 2793; x_wconf 90' lang='lat' dir='ltr'><em>post</em></span> <span class='ocrx_word' id='word_1_169' title='bbox 226 2709 299 2771; x_wconf 87' lang='lat' dir='ltr'><em>vota</em></span> <span class='ocrx_word' id='word_1_170' title='bbox 323 2703 485 2786; x_wconf 85' lang='lat' dir='ltr'><em>slmplicia‚</em></span> <span class='ocrx_word' id='word_1_171' title='bbox 510 2703 678 2783; x_wconf 88' lang='lat' dir='ltr'><em>requiritur</em></span> <span class='ocrx_word' id='word_1_172' title='bbox 711 2704 858 2785; x_wconf 86' lang='lat' dir='ltr'><em>professio</em></span> <span class='ocrx_word' id='word_1_173' title='bbox 890 2723 1040 2787; x_wconf 82' lang='lat' dir='ltr'><em>expressa,</em></span> <span class='ocrx_word' id='word_1_174' title='bbox 1065 2706 1096 2769; x_wconf 91' lang='lat' dir='ltr'><em>et</em></span> <span class='ocrx_word' id='word_1_175' title='bbox 1171 2731 1175 2738; x_wconf 43' lang='lat' dir='ltr'><em>f</em></span> 
     </span>
     <span class='ocr_line' id='line_1_26' title="bbox 128 2800 1094 2888; baseline -0.006 -18"><span class='ocrx_word' id='word_1_176' title='bbox 128 2807 196 2870; x_wconf 90' lang='lat' dir='ltr'><em>ideo</em></span> <span class='ocrx_word' id='word_1_177' title='bbox 213 2803 362 2888; x_wconf 87' lang='lat' dir='ltr'><em>professio</em></span> <span class='ocrx_word' id='word_1_178' title='bbox 387 2801 485 2864; x_wconf 86' lang='lat' dir='ltr'><em>tacita</em></span> <span class='ocrx_word' id='word_1_179' title='bbox 509 2800 634 2865; x_wconf 91' lang='lat' dir='ltr'><em>omnino</em></span> <span class='ocrx_word' id='word_1_180' title='bbox 658 2800 873 2886; x_wconf 82' lang='lat' dir='ltr'><em>abrogataest</em></span> <span class='ocrx_word' id='word_1_181' title='bbox 889 2827 920 2864; x_wconf 91' lang='lat'><em>».</em></span> <span class='ocrx_word' id='word_1_182' title='bbox 944 2839 988 2848; x_wconf 92' lang='lat'><em>-—</em></span> <span class='ocrx_word' id='word_1_183' title='bbox 1005 2801 1037 2865; x_wconf 82' lang='lat' dir='ltr'><em>S.</em></span> <span class='ocrx_word' id='word_1_184' title='bbox 1060 2800 1094 2864; x_wconf 79' lang='grc' dir='ltr'><em>Ο.</em></span> 
     </span>
    </p>
   </div>
   <div class='ocr_carea' id='block_1_3' title="bbox 128 2895 736 2984">
    <p class='ocr_par' dir='ltr' id='par_1_7' title="bbox 128 2895 736 2984">
     <span class='ocr_line' id='line_1_27' title="bbox 128 2895 736 2984; baseline -0.015 -15"><span class='ocrx_word' id='word_1_185' title='bbox 128 2925 197 2984; x_wconf 80' lang='lat' dir='ltr'><em>sup.</em></span> <span class='ocrx_word' id='word_1_186' title='bbox 223 2901 304 2968; x_wconf 85' lang='lat' dir='ltr'><em>Stat.</em></span> <span class='ocrx_word' id='word_1_187' title='bbox 329 2899 419 2980; x_wconf 68' lang='lat' dir='ltr'><em>Rea,</em></span> <span class='ocrx_word' id='word_1_188' title='bbox 443 2899 482 2960; x_wconf 85' lang='grc'><em>12</em></span> <span class='ocrx_word' id='word_1_189' title='bbox 507 2897 588 2962; x_wconf 90' lang='lat' dir='ltr'><em>Iulii</em></span> <span class='ocrx_word' id='word_1_190' title='bbox 612 2897 696 2960; x_wconf 84' lang='lat'>1858</span> <span class='ocrx_word' id='word_1_191' title='bbox 719 2895 736 2960; x_wconf 85' lang='lat'><em>¹.</em></span> 
     </span>
    </p>
   </div>
   <div class='ocr_carea' id='block_1_4' title="bbox 128 3148 1105 3762">
    <p class='ocr_par' dir='ltr' id='par_1_8' title="bbox 128 3148 1105 3762">
     <span class='ocr_line' id='line_1_28' title="bbox 173 3148 1094 3220; baseline -0.007 -11"><span class='ocrx_word' id='word_1_192' title='bbox 173 3155 182 3188; x_wconf 79' lang='lat'>¹</span> <span class='ocrx_word' id='word_1_193' title='bbox 204 3155 255 3209; x_wconf 90' lang='lat' dir='ltr'><em>Die</em></span> <span class='ocrx_word' id='word_1_194' title='bbox 276 3154 309 3207; x_wconf 87' lang='grc'><em>16</em></span> <span class='ocrx_word' id='word_1_195' title='bbox 328 3152 400 3220; x_wconf 79' lang='lat' dir='ltr'><em>Aug.</em></span> <span class='ocrx_word' id='word_1_196' title='bbox 422 3151 491 3204; x_wconf 88' lang='grc'>1866</span> <span class='ocrx_word' id='word_1_197' title='bbox 519 3150 549 3203; x_wconf 92' lang='lat' dir='ltr'><em>in</em></span> <span class='ocrx_word' id='word_1_198' title='bbox 577 3148 803 3218; x_wconf 79' lang='lat' dir='ltr'><em>(tongregatione</em></span> <span class='ocrx_word' id='word_1_199' title='bbox 833 3149 1009 3218; x_wconf 87' lang='lat' dir='ltr'><em>propositum</em></span> <span class='ocrx_word' id='word_1_200' title='bbox 1038 3148 1094 3203; x_wconf 91' lang='lat' dir='ltr'><em>fnit</em></span> 
     </span>
     <span class='ocr_line' id='line_1_29' title="bbox 128 3229 1105 3308; baseline -0.008 -8"><span class='ocrx_word' id='word_1_201' title='bbox 128 3246 252 3308; x_wconf 86' lang='lat' dir='ltr'><em>dubium,</em></span> <span class='ocrx_word' id='word_1_202' title='bbox 273 3261 290 3296; x_wconf 89' lang='lat' dir='ltr'><em>a</em></span> <span class='ocrx_word' id='word_1_203' title='bbox 308 3242 338 3296; x_wconf 91' lang='lat' dir='ltr'><em>P.</em></span> <span class='ocrx_word' id='word_1_204' title='bbox 352 3241 384 3294; x_wconf 93' lang='lat' dir='ltr'><em>D.</em></span> <span class='ocrx_word' id='word_1_205' title='bbox 404 3239 553 3294; x_wconf 86' lang='lat' dir='ltr'><em>Bonifacio</em></span> <span class='ocrx_word' id='word_1_206' title='bbox 572 3239 710 3294; x_wconf 88' lang='lat' dir='ltr'><em>Wimmer</em></span> <span class='ocrx_word' id='word_1_207' title='bbox 729 3239 832 3292; x_wconf 83' lang='lat' dir='ltr'><em>abbate</em></span> <span class='ocrx_word' id='word_1_208' title='bbox 849 3229 981 3306; x_wconf 64' lang='lat' dir='ltr'><em>&#39;praeside</em></span> <span class='ocrx_word' id='word_1_209' title='bbox 1001 3237 1105 3292; x_wconf 83' lang='lat' dir='ltr'><em>(lassi--</em></span> 
     </span>
     <span class='ocr_line' id='line_1_30' title="bbox 128 3327 1093 3396; baseline -0.007 -8"><span class='ocrx_word' id='word_1_210' title='bbox 128 3335 257 3390; x_wconf 83' lang='lat' dir='ltr'><em>mensium</em></span> <span class='ocrx_word' id='word_1_211' title='bbox 275 3333 305 3386; x_wconf 88' lang='lat' dir='ltr'><em>in</em></span> <span class='ocrx_word' id='word_1_212' title='bbox 325 3330 455 3384; x_wconf 78' lang='lat' dir='ltr'><em>Amerina</em></span> <span class='ocrx_word' id='word_1_213' title='bbox 483 3329 649 3394; x_wconf 85' lang='lat' dir='ltr'><em>exhibitum,</em></span> <span class='ocrx_word' id='word_1_214' title='bbox 668 3345 783 3396; x_wconf 85' lang='lat' dir='ltr'><em>nempe:</em></span> <span class='ocrx_word' id='word_1_215' title='bbox 804 3328 883 3394; x_wconf 82' lang='lat' dir='ltr'><em>Quod</em></span> <span class='ocrx_word' id='word_1_216' title='bbox 903 3329 994 3382; x_wconf 87' lang='lat' dir='ltr'><em>adhuc</em></span> <span class='ocrx_word' id='word_1_217' title='bbox 1013 3327 1093 3382; x_wconf 87' lang='lat' dir='ltr'><em>dubi·</em></span> 
     </span>
     <span class='ocr_line' id='line_1_31' title="bbox 128 3417 1092 3488; baseline -0.007 -9"><span class='ocrx_word' id='word_1_218' title='bbox 128 3428 212 3488; x_wconf 84' lang='lat' dir='ltr'><em>tatur,</em></span> <span class='ocrx_word' id='word_1_219' title='bbox 233 3425 327 3478; x_wconf 87' lang='lat' dir='ltr'><em>utrum</em></span> <span class='ocrx_word' id='word_1_220' title='bbox 346 3421 376 3472; x_wconf 89' lang='lat' dir='ltr'><em>in</em></span> <span class='ocrx_word' id='word_1_221' title='bbox 395 3437 470 3482; x_wconf 88' lang='lat' dir='ltr'><em>casu,</em></span> <span class='ocrx_word' id='word_1_222' title='bbox 491 3435 545 3487; x_wconf 91' lang='lat' dir='ltr'><em>quc</em></span> <span class='ocrx_word' id='word_1_223' title='bbox 565 3419 701 3474; x_wconf 87' lang='lat' dir='ltr'><em>Sacerdos</em></span> <span class='ocrx_word' id='word_1_224' title='bbox 720 3418 872 3472; x_wconf 79' lang='lat' dir='ltr'><em>saecularis</em></span> <span class='ocrx_word' id='word_1_225' title='bbox 892 3417 1021 3472; x_wconf 84' lang='lat' dir='ltr'><em>habitum</em></span> <span class='ocrx_word' id='word_1_226' title='bbox 1043 3435 1092 3486; x_wconf 89' lang='lat' dir='ltr'><em>pe·</em></span> 
     </span>
     <span class='ocr_line' id='line_1_32' title="bbox 128 3507 1091 3578; baseline -0.008 -10"><span class='ocrx_word' id='word_1_227' title='bbox 128 3513 194 3568; x_wconf 88' lang='lat' dir='ltr'><em>tivit</em></span> <span class='ocrx_word' id='word_1_228' title='bbox 213 3517 242 3568; x_wconf 86' lang='lat' dir='ltr'><em>et</em></span> <span class='ocrx_word' id='word_1_229' title='bbox 261 3510 393 3573; x_wconf 89' lang='lat' dir='ltr'><em>obtinuit,</em></span> <span class='ocrx_word' id='word_1_230' title='bbox 413 3510 461 3578; x_wconf 90' lang='lat' dir='ltr'><em>qui</em></span> <span class='ocrx_word' id='word_1_231' title='bbox 481 3527 586 3564; x_wconf 89' lang='lat' dir='ltr'><em>annum</em></span> <span class='ocrx_word' id='word_1_232' title='bbox 600 3511 634 3562; x_wconf 83' lang='lat'><em>25</em></span> <span class='ocrx_word' id='word_1_233' title='bbox 649 3510 732 3577; x_wconf 82' lang='lat' dir='ltr'><em>longe</em></span> <span class='ocrx_word' id='word_1_234' title='bbox 752 3512 944 3576; x_wconf 83' lang='lat' dir='ltr'><em>transgressus</em></span> <span class='ocrx_word' id='word_1_235' title='bbox 959 3509 1010 3570; x_wconf 86' lang='lat' dir='ltr'><em>est,</em></span> <span class='ocrx_word' id='word_1_236' title='bbox 1026 3507 1091 3560; x_wconf 89' lang='lat' dir='ltr'><em>huic</em></span> 
     </span>
     <span class='ocr_line' id='line_1_33' title="bbox 129 3596 1091 3670; baseline -0.007 -13"><span class='ocrx_word' id='word_1_237' title='bbox 129 3597 242 3666; x_wconf 86' lang='lat' dir='ltr'><em>(emissa</em></span> <span class='ocrx_word' id='word_1_238' title='bbox 260 3599 435 3670; x_wconf 88' lang='lat' dir='ltr'><em>professione</em></span> <span class='ocrx_word' id='word_1_239' title='bbox 455 3603 584 3654; x_wconf 87' lang='lat' dir='ltr'><em>votorum</em></span> <span class='ocrx_word' id='word_1_240' title='bbox 604 3596 784 3666; x_wconf 84' lang='lat' dir='ltr'><em>simplicIum)</em></span> <span class='ocrx_word' id='word_1_241' title='bbox 800 3596 938 3665; x_wconf 88' lang='lat' dir='ltr'><em>professio</em></span> <span class='ocrx_word' id='word_1_242' title='bbox 958 3596 1091 3651; x_wconf 85' lang='lat' dir='ltr'><em>solemnis</em></span> 
     </span>
     <span class='ocr_line' id='line_1_34' title="bbox 130 3684 1091 3762; baseline -0.006 -16"><span class='ocrx_word' id='word_1_243' title='bbox 130 3691 240 3762; x_wconf 89' lang='lat' dir='ltr'><em>(nempe</em></span> <span class='ocrx_word' id='word_1_244' title='bbox 260 3694 389 3746; x_wconf 75' lang='lat' dir='ltr'><em>votorum</em></span> <span class='ocrx_word' id='word_1_245' title='bbox 409 3684 588 3758; x_wconf 78' lang='lat' dir='ltr'><em>solemnium)</em></span> <span class='ocrx_word' id='word_1_246' title='bbox 601 3687 707 3742; x_wconf 84' lang='lat' dir='ltr'><em>differri</em></span> <span class='ocrx_word' id='word_1_247' title='bbox 719 3687 810 3756; x_wconf 84' lang='lat' dir='ltr'><em>possit</em></span> <span class='ocrx_word' id='word_1_248' title='bbox 823 3702 908 3754; x_wconf 87' lang='lat' dir='ltr'><em>supra</em></span> <span class='ocrx_word' id='word_1_249' title='bbox 927 3688 1091 3740; x_wconf 88' lang='lat' dir='ltr'><em>consuetum</em></span> 
     </span>
    </p>
   </div>
   <div class='ocr_carea' id='block_1_5' title="bbox 0 0 1395 4270">
    <p class='ocr_par' dir='ltr' id='par_1_9' title="bbox 0 0 1395 4270">
     <span class='ocr_line' id='line_1_35' title="bbox 0 0 1395 4270; baseline 0 0"><span class='ocrx_word' id='word_1_250' title='bbox 0 0 1395 4270; x_wconf 95' lang='lat' dir='ltr'><em> </em></span> 
     </span>
    </p>
   </div>
  </div>
 </body>
</html>
