<?xml version="1.0" encoding="UTF-8"?>
<!DOCTYPE html PUBLIC "-//W3C//DTD XHTML 1.0 Transitional//EN"
    "http://www.w3.org/TR/xhtml1/DTD/xhtml1-transitional.dtd">
<html xmlns="http://www.w3.org/1999/xhtml" xml:lang="en" lang="en">
 <head>
  <title>
</title>
<meta http-equiv="Content-Type" content="text/html;charset=utf-8" />
  <meta name='ocr-system' content='tesseract 3.04.00' />
  <meta name='ocr-capabilities' content='ocr_page ocr_carea ocr_par ocr_line ocrx_word'/>
</head>
<body>
  <div class='ocr_page' id='page_1' title='image "./compendiumiuris00tutgoog_0447.png"; bbox 0 0 2812 4268; ppageno 0'>
   <div class='ocr_carea' id='block_1_1' title="bbox 284 261 957 314">
    <p class='ocr_par' dir='ltr' id='par_1_1' title="bbox 284 261 957 314">
     <span class='ocr_line' id='line_1_1' title="bbox 284 261 957 314; baseline -0.006 0"><span class='ocrx_word' id='word_1_1' title='bbox 284 261 336 314; x_wconf 86' lang='grc'><em>438</em></span> <span class='ocrx_word' id='word_1_2' title='bbox 575 261 748 310; x_wconf 66' lang='lat' dir='ltr'><em>&#39;Fulcinius</em></span> <span class='ocrx_word' id='word_1_3' title='bbox 773 263 811 310; x_wconf 89' lang='lat' dir='ltr'><em>DE</em></span> <span class='ocrx_word' id='word_1_4' title='bbox 835 263 957 312; x_wconf 82' lang='lat' dir='ltr'><em>IUDlCllS</em></span> 
     </span>
    </p>
   </div>
   <div class='ocr_carea' id='block_1_2' title="bbox 285 356 485 364">
    <p class='ocr_par' dir='ltr' id='par_1_2' title="bbox 285 356 485 364">
     <span class='ocr_line' id='line_1_2' title="bbox 285 356 485 364; baseline -0.01 0"><span class='ocrx_word' id='word_1_5' title='bbox 285 356 485 364; x_wconf 77' lang='lat'><strong>--——-</strong></span> 
     </span>
    </p>
   </div>
   <div class='ocr_carea' id='block_1_3' title="bbox 285 469 1254 1440">
    <p class='ocr_par' dir='ltr' id='par_1_3' title="bbox 285 469 1254 750">
     <span class='ocr_line' id='line_1_3' title="bbox 332 469 1254 564; baseline -0.001 -24"><span class='ocrx_word' id='word_1_6' title='bbox 332 477 428 540; x_wconf 80' lang='lat'><strong>1409.</strong></span> <span class='ocrx_word' id='word_1_7' title='bbox 453 515 491 564; x_wconf 66' lang='lat'><em>‚-</em></span> <span class='ocrx_word' id='word_1_8' title='bbox 510 469 577 540; x_wconf 71' lang='lat'>111.</span> <span class='ocrx_word' id='word_1_9' title='bbox 605 477 728 543; x_wconf 82' lang='lat' dir='ltr'><em>crimen</em></span> <span class='ocrx_word' id='word_1_10' title='bbox 747 476 892 540; x_wconf 87' lang='lat' dir='ltr'><em>definitur</em></span> <span class='ocrx_word' id='word_1_11' title='bbox 911 503 928 535; x_wconf 81' lang='lat'><em>&lt;‹</em></span> <span class='ocrx_word' id='word_1_12' title='bbox 944 475 1254 556; x_wconf 71' lang='grc'><strong>66116116661611116,</strong></span> 
     </span>
     <span class='ocr_line' id='line_1_4' title="bbox 285 575 1253 656; baseline -0.002 -18"><span class='ocrx_word' id='word_1_13' title='bbox 285 579 423 652; x_wconf 84' lang='lat' dir='ltr'><em>calerna,</em></span> <span class='ocrx_word' id='word_1_14' title='bbox 448 576 608 639; x_wconf 76' lang='lat' dir='ltr'><em>sanctione</em></span> <span class='ocrx_word' id='word_1_15' title='bbox 624 575 756 656; x_wconf 77' lang='lat' dir='ltr'><em>poenali</em></span> <span class='ocrx_word' id='word_1_16' title='bbox 779 575 856 656; x_wconf 69' lang='lat' dir='ltr'><em>lenis</em></span> <span class='ocrx_word' id='word_1_17' title='bbox 884 575 1039 638; x_wconf 78' lang='lat' dir='ltr'><em>hnmanae</em></span> <span class='ocrx_word' id='word_1_18' title='bbox 1070 575 1253 650; x_wconf 82' lang='lat' dir='ltr'><em>interdicta,</em></span> 
     </span>
     <span class='ocr_line' id='line_1_5' title="bbox 285 663 907 750; baseline -0.005 -16"><span class='ocrx_word' id='word_1_19' title='bbox 285 671 425 736; x_wconf 85' lang='lat' dir='ltr'><em>ordinern</em></span> <span class='ocrx_word' id='word_1_20' title='bbox 440 663 604 737; x_wconf 68' lang='lat' dir='ltr'><em>&#39;conlocans</em></span> <span class='ocrx_word' id='word_1_21' title='bbox 627 673 750 737; x_wconf 87' lang='lat' dir='ltr'><em>oiolans</em></span> <span class='ocrx_word' id='word_1_22' title='bbox 765 698 797 735; x_wconf 82' lang='lat'><em>».</em></span> <span class='ocrx_word' id='word_1_23' title='bbox 903 745 907 750; x_wconf 25' lang='grc' dir='ltr'>Ι</span> 
     </span>
    </p>

    <p class='ocr_par' dir='ltr' id='par_1_4' title="bbox 286 763 1252 1242">
     <span class='ocr_line' id='line_1_6' title="bbox 332 763 1252 850; baseline 0.001 -19"><span class='ocrx_word' id='word_1_24' title='bbox 332 771 427 834; x_wconf 86' lang='grc'><strong>1410.</strong></span> <span class='ocrx_word' id='word_1_25' title='bbox 452 763 495 817; x_wconf 63' lang='lat' dir='ltr'>ss</span> <span class='ocrx_word' id='word_1_26' title='bbox 509 771 562 836; x_wconf 89' lang='lat' dir='ltr'><em>IV.</em></span> <span class='ocrx_word' id='word_1_27' title='bbox 591 767 718 835; x_wconf 82' lang='lat' dir='ltr'><em>Crirncn</em></span> <span class='ocrx_word' id='word_1_28' title='bbox 742 774 772 835; x_wconf 84' lang='lat' dir='ltr'><em>cl</em></span> <span class='ocrx_word' id='word_1_29' title='bbox 788 777 948 850; x_wconf 79' lang='lat' dir='ltr'><em>peccatam</em></span> <span class='ocrx_word' id='word_1_30' title='bbox 971 772 1006 834; x_wconf 91' lang='lat' dir='ltr'><em>in</em></span> <span class='ocrx_word' id='word_1_31' title='bbox 1029 791 1062 834; x_wconf 91' lang='lat' dir='ltr'><em>eo</em></span> <span class='ocrx_word' id='word_1_32' title='bbox 1086 769 1252 848; x_wconf 77' lang='lat' dir='ltr'><em>differant,</em></span> 
     </span>
     <span class='ocr_line' id='line_1_7' title="bbox 286 868 1252 951; baseline -0.002 -19"><span class='ocrx_word' id='word_1_33' title='bbox 286 869 321 932; x_wconf 88' lang='lat' dir='ltr'><em>ut</em></span> <span class='ocrx_word' id='word_1_34' title='bbox 345 886 434 932; x_wconf 92' lang='lat' dir='ltr'><em>omne</em></span> <span class='ocrx_word' id='word_1_35' title='bbox 457 869 572 932; x_wconf 91' lang='lat' dir='ltr'><em>crimen</em></span> <span class='ocrx_word' id='word_1_36' title='bbox 594 869 636 933; x_wconf 90' lang='lat' dir='ltr'><em>sit</em></span> <span class='ocrx_word' id='word_1_37' title='bbox 651 869 822 950; x_wconf 86' lang='lat' dir='ltr'><em>peccatum,</em></span> <span class='ocrx_word' id='word_1_38' title='bbox 840 868 892 932; x_wconf 89' lang='lat' dir='ltr'><em>sed</em></span> <span class='ocrx_word' id='word_1_39' title='bbox 909 870 1068 951; x_wconf 89' lang='lat' dir='ltr'><em>peccatum</em></span> <span class='ocrx_word' id='word_1_40' title='bbox 1086 871 1160 931; x_wconf 89' lang='lat' dir='ltr'><em>tunc</em></span> <span class='ocrx_word' id='word_1_41' title='bbox 1176 869 1252 932; x_wconf 85' lang='lat' dir='ltr'><em>tan-&#39;</em></span> 
     </span>
     <span class='ocr_line' id='line_1_8' title="bbox 286 959 1251 1048; baseline 0 -20"><span class='ocrx_word' id='word_1_42' title='bbox 286 967 353 1028; x_wconf 91' lang='lat' dir='ltr'><em>tum</em></span> <span class='ocrx_word' id='word_1_43' title='bbox 377 965 513 1029; x_wconf 90' lang='lat' dir='ltr'><em>criminis</em></span> <span class='ocrx_word' id='word_1_44' title='bbox 537 968 682 1036; x_wconf 88' lang='lat' dir='ltr'><em>naturam</em></span> <span class='ocrx_word' id='word_1_45' title='bbox 705 965 825 1042; x_wconf 91' lang='lat' dir='ltr'><em>induat,</em></span> <span class='ocrx_word' id='word_1_46' title='bbox 851 959 973 1048; x_wconf 81' lang='lat' dir='ltr'><em>quando</em></span> <span class='ocrx_word' id='word_1_47' title='bbox 998 968 1045 1030; x_wconf 89' lang='grc'><em>661</em></span> <span class='ocrx_word' id='word_1_48' title='bbox 1076 967 1251 1041; x_wconf 86' lang='lat' dir='ltr'><em>externum,</em></span> 
     </span>
     <span class='ocr_line' id='line_1_9' title="bbox 286 1063 1252 1148; baseline 0.001 -23"><span class='ocrx_word' id='word_1_49' title='bbox 286 1063 483 1127; x_wconf 86' lang='lat' dir='ltr'><em>coniunctum</em></span> <span class='ocrx_word' id='word_1_50' title='bbox 506 1083 576 1126; x_wconf 91' lang='lat' dir='ltr'><em>cum</em></span> <span class='ocrx_word' id='word_1_51' title='bbox 600 1082 697 1146; x_wconf 90' lang='lat' dir='ltr'><em>poena</em></span> <span class='ocrx_word' id='word_1_52' title='bbox 720 1063 799 1148; x_wconf 85' lang='lat' dir='ltr'><em>legis</em></span> <span class='ocrx_word' id='word_1_53' title='bbox 814 1063 978 1140; x_wconf 84' lang='lat' dir='ltr'><em>humanae,</em></span> <span class='ocrx_word' id='word_1_54' title='bbox 996 1064 1027 1127; x_wconf 88' lang='lat' dir='ltr'><em>et</em></span> <span class='ocrx_word' id='word_1_55' title='bbox 1043 1063 1183 1128; x_wconf 86' lang='lat' dir='ltr'><em>ordinem</em></span> <span class='ocrx_word' id='word_1_56' title='bbox 1200 1081 1252 1126; x_wconf 90' lang='lat' dir='ltr'><em>so-</em></span> 
     </span>
     <span class='ocr_line' id='line_1_10' title="bbox 286 1159 611 1242; baseline 0.003 -20"><span class='ocrx_word' id='word_1_57' title='bbox 286 1159 395 1224; x_wconf 88' lang='lat' dir='ltr'><em>cialem</em></span> <span class='ocrx_word' id='word_1_58' title='bbox 419 1161 611 1242; x_wconf 87' lang='lat' dir='ltr'><em>perturbans.</em></span> 
     </span>
    </p>

    <p class='ocr_par' dir='ltr' id='par_1_5' title="bbox 287 1258 1253 1440">
     <span class='ocr_line' id='line_1_11' title="bbox 333 1258 1253 1342; baseline 0.003 -22"><span class='ocrx_word' id='word_1_59' title='bbox 333 1258 428 1320; x_wconf 89' lang='grc'><strong>1411.</strong></span> <span class='ocrx_word' id='word_1_60' title='bbox 453 1294 495 1305; x_wconf 92' lang='grc'><strong>-</strong></span> <span class='ocrx_word' id='word_1_61' title='bbox 518 1258 556 1320; x_wconf 86' lang='lat' dir='ltr'><em>V.</em></span> <span class='ocrx_word' id='word_1_62' title='bbox 580 1258 630 1322; x_wconf 88' lang='lat' dir='ltr'><em>Ad</em></span> <span class='ocrx_word' id='word_1_63' title='bbox 653 1260 767 1323; x_wconf 81' lang='lat' dir='ltr'><em>crimen</em></span> <span class='ocrx_word' id='word_1_64' title='bbox 791 1278 851 1323; x_wconf 93' lang='lat' dir='ltr'><em>non</em></span> <span class='ocrx_word' id='word_1_65' title='bbox 874 1260 1008 1342; x_wconf 90' lang='lat' dir='ltr'><em>pertinet</em></span> <span class='ocrx_word' id='word_1_66' title='bbox 1032 1278 1129 1341; x_wconf 92' lang='lat' dir='ltr'><em>neque</em></span> <span class='ocrx_word' id='word_1_67' title='bbox 1146 1277 1253 1342; x_wconf 86' lang='lat' dir='ltr'><em>pecca·</em></span> 
     </span>
     <span class='ocr_line' id='line_1_12' title="bbox 287 1357 1250 1440; baseline 0.002 -22"><span class='ocrx_word' id='word_1_68' title='bbox 287 1357 354 1418; x_wconf 89' lang='lat' dir='ltr'><em>tum</em></span> <span class='ocrx_word' id='word_1_69' title='bbox 383 1357 548 1432; x_wconf 88' lang='lat' dir='ltr'><em>internum,</em></span> <span class='ocrx_word' id='word_1_70' title='bbox 579 1377 676 1438; x_wconf 90' lang='lat' dir='ltr'><em>neque</em></span> <span class='ocrx_word' id='word_1_71' title='bbox 707 1358 789 1422; x_wconf 90' lang='lat' dir='ltr'><em>actio</em></span> <span class='ocrx_word' id='word_1_72' title='bbox 817 1360 1041 1440; x_wconf 89' lang='lat' dir='ltr'><em>contraquam</em></span> <span class='ocrx_word' id='word_1_73' title='bbox 1066 1376 1164 1440; x_wconf 85' lang='lat' dir='ltr'><em>poena</em></span> <span class='ocrx_word' id='word_1_74' title='bbox 1189 1357 1250 1420; x_wconf 89' lang='lat' dir='ltr'><em>non</em></span> 
     </span>
    </p>
   </div>
   <div class='ocr_carea' id='block_1_4' title="bbox 286 1451 1253 1614">
    <p class='ocr_par' dir='ltr' id='par_1_6' title="bbox 286 1451 1253 1614">
     <span class='ocr_line' id='line_1_13' title="bbox 286 1451 1253 1613; baseline 0.001 -97"><span class='ocrx_word' id='word_1_75' title='bbox 286 1451 468 1613; x_wconf 42' lang='lat' dir='ltr'><em>decernitur,</em></span> <span class='ocrx_word' id='word_1_76' title='bbox 492 1473 589 1536; x_wconf 89' lang='lat' dir='ltr'><em>neque</em></span> <span class='ocrx_word' id='word_1_77' title='bbox 613 1454 760 1518; x_wconf 87' lang='lat' dir='ltr'><em>delictum</em></span> <span class='ocrx_word' id='word_1_78' title='bbox 783 1455 860 1531; x_wconf 91' lang='grc'><strong>1616,</strong></span> <span class='ocrx_word' id='word_1_79' title='bbox 879 1455 960 1536; x_wconf 92' lang='lat' dir='ltr'><em>quod</em></span> <span class='ocrx_word' id='word_1_80' title='bbox 983 1455 1162 1519; x_wconf 88' lang='lat' dir='ltr'><em>societatem</em></span> <span class='ocrx_word' id='word_1_81' title='bbox 1187 1473 1253 1518; x_wconf 91' lang='lat' dir='ltr'><em>non</em></span> 
     </span>
     <span class='ocr_line' id='line_1_14' title="bbox 301 1553 403 1614; baseline -0.01 -1"><span class='ocrx_word' id='word_1_82' title='bbox 301 1570 338 1613; x_wconf 89' lang='lat' dir='ltr'><em>ur</em></span> <span class='ocrx_word' id='word_1_83' title='bbox 360 1553 403 1614; x_wconf 89' lang='grc'><em>61.</em></span> 
     </span>
    </p>
   </div>
   <div class='ocr_carea' id='block_1_5' title="bbox 286 1648 1254 2419">
    <p class='ocr_par' dir='ltr' id='par_1_7' title="bbox 286 1648 1254 1929">
     <span class='ocr_line' id='line_1_15' title="bbox 333 1648 1254 1732; baseline 0.002 -22"><span class='ocrx_word' id='word_1_84' title='bbox 333 1648 428 1711; x_wconf 78' lang='grc'><strong>1412.</strong></span> <span class='ocrx_word' id='word_1_85' title='bbox 453 1686 497 1694; x_wconf 99' lang='grc'><strong>-</strong></span> <span class='ocrx_word' id='word_1_86' title='bbox 510 1648 563 1711; x_wconf 91' lang='lat' dir='ltr'><em>Vl.</em></span> <span class='ocrx_word' id='word_1_87' title='bbox 588 1648 684 1712; x_wconf 91' lang='lat' dir='ltr'><em>Omne</em></span> <span class='ocrx_word' id='word_1_88' title='bbox 706 1651 867 1732; x_wconf 83' lang='lat' dir='ltr'><em>peccatum</em></span> <span class='ocrx_word' id='word_1_89' title='bbox 883 1650 980 1714; x_wconf 87' lang='lat' dir='ltr'><em>solius</em></span> <span class='ocrx_word' id='word_1_90' title='bbox 996 1649 1150 1713; x_wconf 78' lang='lat' dir='ltr'><em>Ecclesiae</em></span> <span class='ocrx_word' id='word_1_91' title='bbox 1166 1650 1222 1732; x_wconf 90' lang='lat' dir='ltr'><em>pot</em></span> <span class='ocrx_word' id='word_1_92' title='bbox 1240 1683 1254 1695; x_wconf 86' lang='lat'><em>—</em></span> 
     </span>
     <span class='ocr_line' id='line_1_16' title="bbox 286 1746 1252 1830; baseline 0.001 -21"><span class='ocrx_word' id='word_1_93' title='bbox 286 1747 363 1810; x_wconf 88' lang='lat' dir='ltr'><em>stati</em></span> <span class='ocrx_word' id='word_1_94' title='bbox 387 1747 533 1810; x_wconf 87' lang='lat' dir='ltr'><em>subiacet.</em></span> <span class='ocrx_word' id='word_1_95' title='bbox 558 1746 723 1811; x_wconf 79' lang='lat' dir='ltr'><em>Peccatum</em></span> <span class='ocrx_word' id='word_1_96' title='bbox 746 1748 904 1830; x_wconf 89' lang='lat' dir='ltr'><em>publicum</em></span> <span class='ocrx_word' id='word_1_97' title='bbox 931 1747 1054 1830; x_wconf 89' lang='lat' dir='ltr'><em>publiea</em></span> <span class='ocrx_word' id='word_1_98' title='bbox 1085 1765 1181 1829; x_wconf 91' lang='lat' dir='ltr'><em>poena</em></span> <span class='ocrx_word' id='word_1_99' title='bbox 1209 1746 1252 1810; x_wconf 90' lang='lat' dir='ltr'><em>ab</em></span> 
     </span>
     <span class='ocr_line' id='line_1_17' title="bbox 286 1843 1202 1929; baseline 0 -22"><span class='ocrx_word' id='word_1_100' title='bbox 286 1843 421 1908; x_wconf 83' lang='lat' dir='ltr'><em>Ecclesia</em></span> <span class='ocrx_word' id='word_1_101' title='bbox 445 1845 582 1928; x_wconf 87' lang='lat' dir='ltr'><em>punitur.</em></span> <span class='ocrx_word' id='word_1_102' title='bbox 609 1881 648 1890; x_wconf 91' lang='lat'>-</span> <span class='ocrx_word' id='word_1_103' title='bbox 674 1843 736 1909; x_wconf 81' lang='lat' dir='ltr'><em>Cir.</em></span> <span class='ocrx_word' id='word_1_104' title='bbox 760 1845 938 1929; x_wconf 86' lang='lat' dir='ltr'><em>Hnguenin,</em></span> <span class='ocrx_word' id='word_1_105' title='bbox 963 1845 1122 1926; x_wconf 85' lang='lat' dir='ltr'><em>Tarquini,</em></span> <span class='ocrx_word' id='word_1_106' title='bbox 1143 1846 1202 1908; x_wconf 89' lang='grc'><strong>616.</strong></span> 
     </span>
    </p>

    <p class='ocr_par' dir='ltr' id='par_1_8' title="bbox 286 1942 1253 2419">
     <span class='ocr_line' id='line_1_18' title="bbox 333 1942 1253 2008; baseline 0.001 -4"><span class='ocrx_word' id='word_1_107' title='bbox 333 1943 429 2007; x_wconf 86' lang='grc'><strong>1413.</strong></span> <span class='ocrx_word' id='word_1_108' title='bbox 453 1977 494 1989; x_wconf 92' lang='grc'><strong>-</strong></span> <span class='ocrx_word' id='word_1_109' title='bbox 522 1943 650 2008; x_wconf 79' lang='lat' dir='ltr'><em>Diuisio.</em></span> <span class='ocrx_word' id='word_1_110' title='bbox 675 1943 862 2007; x_wconf 89' lang='lat' dir='ltr'><em>—Delicta</em></span> <span class='ocrx_word' id='word_1_111' title='bbox 886 1942 1253 2007; x_wconf 86' lang='grc'><strong>666166166116661111161</strong></span> 
     </span>
     <span class='ocr_line' id='line_1_19' title="bbox 287 2039 1252 2118; baseline -0.002 -14"><span class='ocrx_word' id='word_1_112' title='bbox 287 2045 395 2104; x_wconf 86' lang='lat' dir='ltr'><em>contra</em></span> <span class='ocrx_word' id='word_1_113' title='bbox 425 2039 538 2118; x_wconf 85' lang='lat' dir='ltr'><em>Deam,</em></span> <span class='ocrx_word' id='word_1_114' title='bbox 571 2041 620 2104; x_wconf 87' lang='lat' dir='ltr'><em>vel</em></span> <span class='ocrx_word' id='word_1_115' title='bbox 649 2045 758 2104; x_wconf 88' lang='lat' dir='ltr'><em>conlra</em></span> <span class='ocrx_word' id='word_1_116' title='bbox 781 2061 832 2105; x_wconf 84' lang='lat' dir='ltr'><em>rec</em></span> <span class='ocrx_word' id='word_1_117' title='bbox 854 2061 981 2118; x_wconf 81' lang='lat' dir='ltr'><em>sacras,·</em></span> <span class='ocrx_word' id='word_1_118' title='bbox 1004 2039 1173 2115; x_wconf 80' lang='lat' dir='ltr'><em>clericalia,</em></span> <span class='ocrx_word' id='word_1_119' title='bbox 1199 2040 1252 2104; x_wconf 89' lang='grc'><em>161</em></span> 
     </span>
     <span class='ocr_line' id='line_1_20' title="bbox 286 2137 1249 2221; baseline 0.001 -21"><span class='ocrx_word' id='word_1_120' title='bbox 286 2139 385 2201; x_wconf 86' lang='lat' dir='ltr'><em>rnircla</em></span> <span class='ocrx_word' id='word_1_121' title='bbox 409 2137 539 2221; x_wconf 86' lang='lat' dir='ltr'><em>(clericis</em></span> <span class='ocrx_word' id='word_1_122' title='bbox 562 2141 594 2204; x_wconf 91' lang='grc'><em>61</em></span> <span class='ocrx_word' id='word_1_123' title='bbox 616 2139 688 2203; x_wconf 88' lang='grc'><strong>16161</strong></span> <span class='ocrx_word' id='word_1_124' title='bbox 708 2141 916 2221; x_wconf 82' lang='grc'><strong>6611116116);</strong></span> <span class='ocrx_word' id='word_1_125' title='bbox 933 2159 1015 2202; x_wconf 87' lang='lat' dir='ltr'><em>rncre</em></span> <span class='ocrx_word' id='word_1_126' title='bbox 1031 2137 1249 2216; x_wconf 81' lang='lat' dir='ltr'><em>ecclesiactica,</em></span> 
     </span>
     <span class='ocr_line' id='line_1_21' title="bbox 286 2235 1253 2320; baseline -0.001 -20"><span class='ocrx_word' id='word_1_127' title='bbox 286 2235 400 2311; x_wconf 84' lang='lat' dir='ltr'><em>cicilia,</em></span> <span class='ocrx_word' id='word_1_128' title='bbox 426 2236 474 2300; x_wconf 91' lang='grc'><em>161</em></span> <span class='ocrx_word' id='word_1_129' title='bbox 496 2239 596 2300; x_wconf 80' lang='lat' dir='ltr'><em>rnr&#39;nla</em></span> <span class='ocrx_word' id='word_1_130' title='bbox 620 2236 726 2319; x_wconf 86' lang='lat' dir='ltr'><em>(prout</em></span> <span class='ocrx_word' id='word_1_131' title='bbox 750 2239 822 2301; x_wconf 88' lang='lat' dir='ltr'><em>sunt</em></span> <span class='ocrx_word' id='word_1_132' title='bbox 845 2239 952 2302; x_wconf 91' lang='lat' dir='ltr'><em>contra</em></span> <span class='ocrx_word' id='word_1_133' title='bbox 975 2235 1059 2320; x_wconf 84' lang='lat' dir='ltr'><em>leges</em></span> <span class='ocrx_word' id='word_1_134' title='bbox 1093 2235 1253 2300; x_wconf 80' lang='lat' dir='ltr'><em>Ecclesiae</em></span> 
     </span>
     <span class='ocr_line' id='line_1_22' title="bbox 286 2333 1252 2419; baseline 0 -23"><span class='ocrx_word' id='word_1_135' title='bbox 286 2335 421 2411; x_wconf 88' lang='lat' dir='ltr'><em>tantum,</em></span> <span class='ocrx_word' id='word_1_136' title='bbox 438 2334 486 2397; x_wconf 91' lang='grc'><em>161</em></span> <span class='ocrx_word' id='word_1_137' title='bbox 509 2335 616 2400; x_wconf 88' lang='lat' dir='ltr'><em>contra</em></span> <span class='ocrx_word' id='word_1_138' title='bbox 639 2335 723 2419; x_wconf 85' lang='lat' dir='ltr'><em>leges</em></span> <span class='ocrx_word' id='word_1_139' title='bbox 745 2335 860 2412; x_wconf 89' lang='lat' dir='ltr'><em>civiles,</em></span> <span class='ocrx_word' id='word_1_140' title='bbox 878 2335 926 2398; x_wconf 89' lang='lat' dir='ltr'><em>vel</em></span> <span class='ocrx_word' id='word_1_141' title='bbox 942 2335 1049 2399; x_wconf 85' lang='lat' dir='ltr'><em>contra</em></span> <span class='ocrx_word' id='word_1_142' title='bbox 1065 2333 1252 2416; x_wconf 66' lang='lat' dir='ltr'><em>utrasque),</em></span> 
     </span>
    </p>
   </div>
   <div class='ocr_carea' id='block_1_6' title="bbox 287 2430 654 2513">
    <p class='ocr_par' dir='ltr' id='par_1_9' title="bbox 287 2430 654 2513">
     <span class='ocr_line' id='line_1_23' title="bbox 287 2430 654 2513; baseline 0.005 -19"><span class='ocrx_word' id='word_1_143' title='bbox 287 2430 404 2494; x_wconf 87' lang='lat' dir='ltr'><em>occnlla</em></span> <span class='ocrx_word' id='word_1_144' title='bbox 427 2431 475 2495; x_wconf 87' lang='lat' dir='ltr'><em>vel</em></span> <span class='ocrx_word' id='word_1_145' title='bbox 493 2431 654 2513; x_wconf 77' lang='lat' dir='ltr'><em>pollac...</em></span> 
     </span>
    </p>
   </div>
   <div class='ocr_carea' id='block_1_7' title="bbox 436 2625 1098 2709">
    <p class='ocr_par' dir='ltr' id='par_1_10' title="bbox 436 2625 1098 2709">
     <span class='ocr_line' id='line_1_24' title="bbox 436 2625 1098 2709; baseline 0.002 -20"><span class='ocrx_word' id='word_1_146' title='bbox 436 2626 513 2689; x_wconf 82' lang='lat' dir='ltr'><em>Aur.</em></span> <span class='ocrx_word' id='word_1_147' title='bbox 536 2625 578 2687; x_wconf 89' lang='grc' dir='ltr'><em>ΙΙ.</em></span> <span class='ocrx_word' id='word_1_148' title='bbox 605 2625 654 2691; x_wconf 78' lang='lat' dir='ltr'><em>lie</em></span> <span class='ocrx_word' id='word_1_149' title='bbox 676 2625 891 2692; x_wconf 81' lang='lat' dir='ltr'><em>Criminibus</em></span> <span class='ocrx_word' id='word_1_150' title='bbox 913 2627 952 2692; x_wconf 90' lang='lat' dir='ltr'><em>in</em></span> <span class='ocrx_word' id='word_1_151' title='bbox 975 2625 1098 2709; x_wconf 84' lang='lat' dir='ltr'><em>specie.</em></span> 
     </span>
    </p>
   </div>
   <div class='ocr_carea' id='block_1_8' title="bbox 286 2793 1275 3468">
    <p class='ocr_par' dir='ltr' id='par_1_11' title="bbox 286 2793 1275 3468">
     <span class='ocr_line' id='line_1_25' title="bbox 334 2793 1275 2877; baseline 0.001 -18"><span class='ocrx_word' id='word_1_152' title='bbox 334 2797 428 2860; x_wconf 79' lang='grc'><strong>1411.</strong></span> <span class='ocrx_word' id='word_1_153' title='bbox 444 2833 479 2842; x_wconf 84' lang='grc'>-</span> <span class='ocrx_word' id='word_1_154' title='bbox 496 2798 677 2862; x_wconf 77' lang='lat' dir='ltr'><em>nouandum.</em></span> <span class='ocrx_word' id='word_1_155' title='bbox 690 2835 733 2845; x_wconf 95' lang='lat'><strong>—</strong></span> <span class='ocrx_word' id='word_1_156' title='bbox 746 2793 853 2877; x_wconf 80' lang='lat' dir='ltr'><em>Quoad</em></span> <span class='ocrx_word' id='word_1_157' title='bbox 868 2797 997 2861; x_wconf 90' lang='lat' dir='ltr'><em>crimina</em></span> <span class='ocrx_word' id='word_1_158' title='bbox 1012 2798 1120 2861; x_wconf 87' lang='lat' dir='ltr'><em>contra</em></span> <span class='ocrx_word' id='word_1_159' title='bbox 1136 2799 1251 2872; x_wconf 85' lang='lat' dir='ltr'><em>Deum,</em></span> <span class='ocrx_word' id='word_1_160' title='bbox 1272 2854 1275 2860; x_wconf 87' lang='lat'>.</span> 
     </span>
     <span class='ocr_line' id='line_1_26' title="bbox 288 2895 1251 2979; baseline -0.001 -20"><span class='ocrx_word' id='word_1_161' title='bbox 288 2895 336 2959; x_wconf 88' lang='lat' dir='ltr'><em>vel</em></span> <span class='ocrx_word' id='word_1_162' title='bbox 359 2914 407 2958; x_wconf 91' lang='lat' dir='ltr'><em>res</em></span> <span class='ocrx_word' id='word_1_163' title='bbox 430 2913 543 2971; x_wconf 78' lang='lat' dir='ltr'><em>sacrae,</em></span> <span class='ocrx_word' id='word_1_164' title='bbox 567 2895 636 2959; x_wconf 86' lang='lat' dir='ltr'><em>vide</em></span> <span class='ocrx_word' id='word_1_165' title='bbox 661 2895 765 2959; x_wconf 79' lang='lat' dir='ltr'><em>Theol.</em></span> <span class='ocrx_word' id='word_1_166' title='bbox 790 2895 921 2972; x_wconf 87' lang='lat' dir='ltr'><em>Moral,</em></span> <span class='ocrx_word' id='word_1_167' title='bbox 945 2895 999 2959; x_wconf 89' lang='lat' dir='ltr'><em>ubi</em></span> <span class='ocrx_word' id='word_1_168' title='bbox 1022 2895 1058 2959; x_wconf 93' lang='lat' dir='ltr'><em>de</em></span> <span class='ocrx_word' id='word_1_169' title='bbox 1074 2896 1251 2979; x_wconf 85' lang='lat' dir='ltr'><em>sacrilegio,</em></span> 
     </span>
     <span class='ocr_line' id='line_1_27' title="bbox 287 2993 1249 3076; baseline -0.002 -18"><span class='ocrx_word' id='word_1_170' title='bbox 287 2994 486 3076; x_wconf 88' lang='lat' dir='ltr'><em>blasphemia,</em></span> <span class='ocrx_word' id='word_1_171' title='bbox 511 2997 590 3057; x_wconf 87' lang='grc'><strong>616...</strong></span> <span class='ocrx_word' id='word_1_172' title='bbox 615 2995 694 3057; x_wconf 88' lang='lat' dir='ltr'><em>Item</em></span> <span class='ocrx_word' id='word_1_173' title='bbox 718 2994 755 3059; x_wconf 91' lang='lat' dir='ltr'><em>de</em></span> <span class='ocrx_word' id='word_1_174' title='bbox 778 2994 849 3059; x_wconf 90' lang='lat' dir='ltr'><em>aliis</em></span> <span class='ocrx_word' id='word_1_175' title='bbox 864 2993 1044 3057; x_wconf 76' lang='lat' dir='ltr'><em>criminibus</em></span> <span class='ocrx_word' id='word_1_176' title='bbox 1060 2995 1169 3058; x_wconf 88' lang='lat' dir='ltr'><em>contra</em></span> <span class='ocrx_word' id='word_1_177' title='bbox 1185 3011 1249 3075; x_wconf 91' lang='lat' dir='ltr'><em>per-</em></span> 
     </span>
     <span class='ocr_line' id='line_1_28' title="bbox 287 3090 1252 3174; baseline -0.005 -16"><span class='ocrx_word' id='word_1_178' title='bbox 287 3111 387 3158; x_wconf 87' lang='lat' dir='ltr'><em>sonas.</em></span> <span class='ocrx_word' id='word_1_179' title='bbox 401 3092 582 3156; x_wconf 84' lang='lat' dir='ltr'><em>—Tnunro</em></span> <span class='ocrx_word' id='word_1_180' title='bbox 605 3110 728 3156; x_wconf 77' lang='lat' dir='ltr'><em>runnu:</em></span> <span class='ocrx_word' id='word_1_181' title='bbox 742 3093 766 3156; x_wconf 92' lang='lat' dir='ltr'><em>l.</em></span> <span class='ocrx_word' id='word_1_182' title='bbox 791 3093 827 3156; x_wconf 87' lang='lat' dir='ltr'><em>In</em></span> <span class='ocrx_word' id='word_1_183' title='bbox 850 3093 956 3174; x_wconf 86' lang='lat' dir='ltr'><em>poenis</em></span> <span class='ocrx_word' id='word_1_184' title='bbox 980 3090 1252 3174; x_wconf 84' lang='lat' dir='ltr'><em>proferendiscon-</em></span> 
     </span>
     <span class='ocr_line' id='line_1_29' title="bbox 286 3189 1250 3278; baseline -0.003 -23"><span class='ocrx_word' id='word_1_185' title='bbox 286 3193 334 3256; x_wconf 91' lang='lat' dir='ltr'><em>tra</em></span> <span class='ocrx_word' id='word_1_186' title='bbox 358 3191 560 3278; x_wconf 82' lang='lat' dir='ltr'><em>sollicitantes</em></span> <span class='ocrx_word' id='word_1_187' title='bbox 583 3191 614 3257; x_wconf 91' lang='lat' dir='ltr'><em>in</em></span> <span class='ocrx_word' id='word_1_188' title='bbox 638 3191 825 3256; x_wconf 87' lang='lat' dir='ltr'><em>confessione</em></span> <span class='ocrx_word' id='word_1_189' title='bbox 842 3191 932 3253; x_wconf 87' lang='grc'><strong>66116</strong></span> <span class='ocrx_word' id='word_1_190' title='bbox 947 3189 1172 3271; x_wconf 87' lang='lat' dir='ltr'><em>procedendum</em></span> <span class='ocrx_word' id='word_1_191' title='bbox 1190 3191 1250 3264; x_wconf 88' lang='lat' dir='ltr'><em>est,</em></span> 
     </span>
     <span class='ocr_line' id='line_1_30' title="bbox 286 3285 1250 3372; baseline -0.004 -19"><span class='ocrx_word' id='word_1_192' title='bbox 286 3293 317 3354; x_wconf 90' lang='grc'><em>61</em></span> <span class='ocrx_word' id='word_1_193' title='bbox 340 3290 371 3353; x_wconf 92' lang='lat' dir='ltr'><em>in</em></span> <span class='ocrx_word' id='word_1_194' title='bbox 395 3289 480 3372; x_wconf 87' lang='lat' dir='ltr'><em>praxi</em></span> <span class='ocrx_word' id='word_1_195' title='bbox 504 3289 611 3372; x_wconf 84' lang='lat' dir='ltr'><em>regula</em></span> <span class='ocrx_word' id='word_1_196' title='bbox 627 3290 683 3364; x_wconf 89' lang='grc'><strong>661,</strong></span> <span class='ocrx_word' id='word_1_197' title='bbox 701 3290 737 3352; x_wconf 92' lang='lat' dir='ltr'><em>nt</em></span> <span class='ocrx_word' id='word_1_198' title='bbox 753 3289 953 3352; x_wconf 88' lang='lat' dir='ltr'><em>denuntiatus</em></span> <span class='ocrx_word' id='word_1_199' title='bbox 969 3285 1192 3362; x_wconf 80' lang='lat' dir='ltr'><em>Confessarins,</em></span> <span class='ocrx_word' id='word_1_200' title='bbox 1209 3285 1250 3350; x_wconf 92' lang='lat' dir='ltr'><em>ad</em></span> 
     </span>
     <span class='ocr_line' id='line_1_31' title="bbox 286 3383 1254 3468; baseline -0.005 -18"><span class='ocrx_word' id='word_1_201' title='bbox 286 3387 418 3468; x_wconf 89' lang='lat' dir='ltr'><em>primam</em></span> <span class='ocrx_word' id='word_1_202' title='bbox 428 3386 692 3450; x_wconf 83' lang='lat' dir='ltr'><em>denuntiationem</em></span> <span class='ocrx_word' id='word_1_203' title='bbox 708 3386 865 3467; x_wconf 75' lang='lat' dir='ltr'><em>oioilelnr,</em></span> <span class='ocrx_word' id='word_1_204' title='bbox 876 3385 915 3449; x_wconf 91' lang='lat' dir='ltr'><em>ad</em></span> <span class='ocrx_word' id='word_1_205' title='bbox 925 3385 1090 3448; x_wconf 91' lang='lat' dir='ltr'><em>secundam</em></span> <span class='ocrx_word' id='word_1_206' title='bbox 1103 3383 1254 3465; x_wconf 71' lang='lat' dir='ltr'><em>ciciletnr</em></span> 
     </span>
    </p>
   </div>
   <div class='ocr_carea' id='block_1_9' title="bbox 198 3479 1255 3664">
    <p class='ocr_par' dir='ltr' id='par_1_12' title="bbox 198 3479 1255 3664">
     <span class='ocr_line' id='line_1_32' title="bbox 286 3479 1255 3566; baseline -0.003 -19"><span class='ocrx_word' id='word_1_207' title='bbox 286 3484 444 3558; x_wconf 83' lang='lat' dir='ltr'><em>attcnlins,</em></span> <span class='ocrx_word' id='word_1_208' title='bbox 469 3483 508 3546; x_wconf 90' lang='lat' dir='ltr'><em>ad</em></span> <span class='ocrx_word' id='word_1_209' title='bbox 532 3483 658 3547; x_wconf 88' lang='lat' dir='ltr'><em>tertiam</em></span> <span class='ocrx_word' id='word_1_210' title='bbox 672 3485 779 3548; x_wconf 89' lang='lat' dir='ltr'><em>contra</em></span> <span class='ocrx_word' id='word_1_211' title='bbox 793 3483 894 3565; x_wconf 89' lang='lat' dir='ltr'><em>ipsum</em></span> <span class='ocrx_word' id='word_1_212' title='bbox 904 3482 1094 3562; x_wconf 77' lang='lat' dir='ltr'><em>procedatur</em></span> <span class='ocrx_word' id='word_1_213' title='bbox 1112 3479 1160 3566; x_wconf 81' lang='lat' dir='ltr'><em>(C.</em></span> <span class='ocrx_word' id='word_1_214' title='bbox 1177 3481 1255 3545; x_wconf 82' lang='lat' dir='ltr'><em>Fer-</em></span> 
     </span>
     <span class='ocr_line' id='line_1_33' title="bbox 198 3581 472 3664; baseline -0.018 -17"><span class='ocrx_word' id='word_1_215' title='bbox 198 3637 200 3647; x_wconf 80' lang='grc'><strong>,</strong></span> <span class='ocrx_word' id='word_1_216' title='bbox 286 3581 358 3654; x_wconf 89' lang='grc'><strong>1611,</strong></span> <span class='ocrx_word' id='word_1_217' title='bbox 384 3581 472 3664; x_wconf 87' lang='grc'><strong>264).</strong></span> 
     </span>
    </p>
   </div>
   <div class='ocr_carea' id='block_1_10' title="bbox 0 0 1412 4268">
    <p class='ocr_par' dir='ltr' id='par_1_13' title="bbox 0 0 1412 4268">
     <span class='ocr_line' id='line_1_34' title="bbox 0 0 1412 4268; baseline 0 0"><span class='ocrx_word' id='word_1_218' title='bbox 0 0 1412 4268; x_wconf 95' lang='lat' dir='ltr'><em> </em></span> 
     </span>
    </p>
   </div>
  </div>
 </body>
</html>
