2750 4270
303 211 357 264 204
507 213 681 260 dulcitius
703 213 747 260 ΙΙΙ.
773 213 812 260 ΒΕ
836 213 1057 260 ELECTIONIBUS

303 411 416 494 paliter
439 412 518 476 hanc
535 413 722 494 potestatem
740 412 843 488 dedit3
862 414 893 477 et
908 412 1082 478 Alexander
1096 411 1152 486 ΙΙΙ,
1168 411 1261 475 omni-

303 509 361 574 bus
385 508 454 572 dein
480 507 696 574 Cardinalibus
720 509 881 596 (scavini).

351 607 425 670 598.
454 647 490 654 -
519 607 638 671 Formo
661 607 798 688 elipandi
812 607 984 687 Pontifices
994 627 1055 688 per
1081 604 1262 670 Cordiaoles

302 709 349 767 ost
372 705 538 768 admodum
561 706 764 768 oouoem'eos:
797 705 870 786 quia
896 706 929 768 1ο
952 703 1067 768 Nullus
1091 703 1196 768 melius
1217 703 1264 766 iu-

303 801 405 865 dicare
428 803 533 884 potest
557 803 593 866 de
618 802 823 883 qualitatibus
840 803 973 886 eligendi
991 821 1086 884 quam
1101 801 1262 866 consiliarii

302 901 335 964 ct
358 900 515 965 adiutores
539 901 576 964 R.
612 901 803 965 Pontificis...
829 903 864 964 2⁰
880 895 938 966 ‘sio
969 899 1144 964 Schismata
1165 898 1264 962 rarius

303 999 481 1062 eveniunt...
506 1036 549 1044 -
574 998 661 1062 Unde
685 999 838 1080 quaedam
861 999 991 1062 societas
1014 997 1057 1060 od
1078 996 1262 1060 uindicando

302 1096 375 1157 turo
399 1095 508 1176 populi
537 1095 641 1176 fidelia
672 1097 866 1176 meximeque
896 1098 1021 1160 romunt
1051 1097 1086 1158 tu
1121 1095 1262 1158 electione

302 1192 345 1256 R.
370 1193 549 1273 Pantitae,
574 1213 652 1257 anno
672 1194 758 1256 1876
775 1195 892 1258 Romae
916 1185 1099 1268 constituta,
1116 1192 1261 1256 damnata

303 1290 373 1360 fuit.
391 1292 517 1372 eiusque
534 1293 632 1356 socios
644 1293 676 1355 et
689 1293 901 1373 cooperatores
917 1290 1262 1354 excommunicationem

302 1389 427 1470 speciali
440 1389 531 1454 niodo
544 1391 734 1454 reservatam
747 1391 900 1453 incurrere
910 1389 1081 1453 declaravit
1091 1389 1120 1453 S.
1134 1388 1262 1462 Posuit,

302 1487 351 1550 die
375 1488 395 1549 4
418 1487 499 1570 Aug.
527 1488 623 1550 1876.

347 1585 421 1648 599.
435 1623 478 1630 -
499 1584 634 1648 Vacante
660 1587 737 1652 Sede
760 1585 952 1666 Apostolum,
969 1587 1194 1650 consueverunt
1206 1585 1263 1649 ali-

302 1685 379 1764 quot
402 1683 512 1746 abhinc
536 1683 666 1748 saeculis
691 1683 906 1748 Cardinalibus
923 1685 953 1746 in
970 1682 1121 1747 Conclave
1138 1701 1263 1766 congre-

301 1780 385 1862 gatis
399 1782 556 1860 principes
573 1783 730 1857 ductrice,
747 1779 939 1857 Galliarum,
952 1781 1133 1860 Hispaniae
1148 1780 1262 1860 absque
1350 1793 1351 1798 ’

301 1877 366 1943 ullo
390 1880 466 1954 iure,
480 1881 543 1943 imo
568 1899 638 1942 cum
662 1880 775 1942 iniuria
800 1879 954 1942 declarare
978 1877 1144 1960 quemdam
1160 1877 1263 1942 Cardi-

300 1975 402 2039 nalem
426 1977 451 2040 si
468 1976 609 2041 Pontifex
622 1977 757 2060 eligatur
773 1977 831 2040 sibi
848 1977 974 2040 minime
990 1978 1168 2058 acceptum:
1186 1994 1261 2058 qnae

301 2071 495 2138 denuntiatio
519 2075 613 2158 vulgo
636 2075 795 2138 dicebatur
808 2091 989 2150 auctuum,
1006 2074 1080 2155 quin
1096 2075 1201 2137 tamen
1218 2091 1262 2136 re-

171 2213 173 2222 ,
301 2187 372 2233 vera
396 2169 555 2246 excludat3
580 2191 653 2236 sane
676 2172 771 2234 etiam
795 2171 934 2235 exclusus
959 2190 1018 2236 non
1042 2190 1112 2234 raro
1147 2171 1261 2234 electus

301 2265 370 2331 fuit.
395 2268 476 2332 Hinc
499 2270 682 2352 gravissime
705 2270 819 2344 errant,
844 2269 897 2349 qui
921 2268 1152 2352 usurpatoriam
1169 2270 1202 2332 et
1225 2267 1262 2330 ab

301 2363 436 2430 Ecclesia
448 2386 545 2448 neque
558 2367 671 2430 directe
686 2386 783 2448 neque
799 2366 945 2430 indirecte
958 2367 1122 2448 probatum
1144 2366 1263 2430 Exonu·

301 2477 394 2526 sunu
417 2463 583 2528 defendunt
599 2463 759 2528 selatitos
775 2463 938 2543 quoddam,
956 2465 1017 2527 imo
1033 2463 1129 2527 ueluti
1142 2482 1261 2526 merum

293 2560 507 2642 priuilegium.

347 2659 420 2722 600.
446 2697 489 2704 -
512 2660 559 2723 llx
583 2678 741 2724 nonianus
765 2677 943 2736 urscrrmul,
976 2659 1107 2722 maxime
1139 2659 1260 2722 decreto

300 2756 350 2820 Pii
373 2756 427 2833 IV,
451 2757 602 2834 Pontifex,
619 2756 835 2822 Oardinalibus
851 2777 972 2840 quoque
987 2755 1258 2830 consentientibus,

300 2872 360 2918 non
383 2855 485 2936 potest
508 2873 713 2919 successorem
741 2856 799 2920 sibi
829 2857 956 2938 eligere3
987 2855 1019 2918 id
1050 2855 1130 2918 enim
1165 2853 1259 2919 officit

300 2950 448 3015 libertati.
473 2953 633 3016 Incertum
655 2959 702 3016 est
723 2973 762 3017 an
786 2953 888 3035 Papae
912 2953 964 3034 qui
995 2953 1141 3016 dicuntur
1172 2951 1259 3016 electi

300 3067 318 3112 a
342 3049 571 3130 praedecessore
586 3051 733 3115 Pontifice
749 3052 864 3115 luerint
883 3069 953 3116 vere
969 3051 1067 3126 electi,
1085 3054 1142 3114 aut
1157 3050 1258 3132 potius

300 3145 454 3230 designati
484 3149 522 3210 ut
555 3147 641 3231 digni
676 3149 728 3230 qni
763 3151 869 3230 postea
897 3149 1063 3232 eligantur.
1088 3185 1132 3194 -
1155 3148 1258 3212 Norlr

300 3241 423 3308 Susum
447 3245 500 3327 (de
523 3245 613 3321 Fe'ole,
638 3247 709 3308 dub.
737 3247 810 3331 10):
832 3271 848 3304 e
865 3246 897 3310 si
921 3247 1006 3328 Papa
1030 3247 1167 3310 tentaret
1190 3245 1258 3310 sub-

299 3343 494 3407 stitutionem
507 3345 669 3424 tamquam
693 3345 826 3428 eligendi
842 3345 969 3408 modum
986 3344 1187 3417 ordinarium,
1204 3361 1257 3408 non

300 3441 416 3506 valeret
439 3442 524 3505 istud
547 3442 703 3506 decretum
728 3444 852 3525 propter
877 3443 1048 3525 periculum
1079 3441 1149 3506 inde
1180 3458 1258 3506 secu·

298 3539 416 3603 turum.
440 3539 589 3603 Attamen
613 3541 639 3604 si
663 3539 694 3603 in
717 3559 789 3604 casu
813 3559 894 3616 raro,
918 3543 1047 3624 urgente
1071 3542 1179 3622 aperta
1209 3539 1256 3602 ue-

297 3637 408 3702 clesiae
431 3637 624 3710 necessitate,
647 3638 679 3701 id
703 3637 825 3713 faceret,
850 3637 991 3722 legitima
1015 3639 1156 3702 uteretur
1178 3639 1256 3722 pote
