2818 4276
300 213 349 266 168
429 215 603 262 TRACPATUS
626 216 666 262 DE
690 215 881 262 HIERARCHIA
904 215 1139 262 lURlSDIC'PIONIS

340 421 416 486 48o.
440 459 484 468 —
507 423 553 486 De
576 441 637 504 qua
653 442 685 488 re
701 422 748 486 ita
763 419 855 488 Cone.
876 423 968 486 Rom.
985 441 1036 488 an.
1054 423 1153 499 1725,
1168 423 1219 486 tit.
1231 425 1265 498 2,

294 537 361 602 cap.
386 521 425 582 2:
463 543 481 578 ‹
507 519 552 583 Ex
578 519 635 584 hoc
659 519 732 600 quia
756 519 978 601 Episcoporum
1010 517 1151 583 Consilia
1180 519 1268 601 (Pro-

294 615 453 698 vincialia)
484 616 612 680 minime
647 617 696 680 vel
729 635 799 680 raro
834 618 908 680 sunt
943 615 1108 690 celebrata,
1145 617 1266 682 multae

295 731 378 788 sane,
403 731 481 794 quae
505 714 693 778 correctione
717 732 794 795 opus
816 713 942 785 habent,
967 713 1200 778 ecclesiasticae
1218 733 1266 778 res

295 809 504 893 negligantur,
529 811 757 875 controversiae
774 811 977 890 percrescant,
1000 809 1142 874 fidelium
1164 829 1267 875 mores

296 905 514 984 deformentur,
538 910 570 972 et
594 908 716 991 Religio
739 907 808 989 ipsa
831 907 863 970 in
887 907 952 972 dies
976 925 1036 972 non
1052 926 1153 989 pauca
1174 908 1268 972 sust'·

295 1005 379 1080 neat,
403 1005 516 1070 eisdem
542 1006 649 1069 contra
672 1024 741 1068 eam
764 1005 976 1087 pugnantibus
1000 1007 1127 1068 sanctae
1152 1006 1265 1070 matris

296 1101 450 1166 Ecclesiae
473 1102 546 1167 filiis
580 1106 616 1164 »ἶ
648 1101 803 1183 Praecipit
837 1099 1010 1166 Concilium
1044 1102 1264 1168 Tridentinum

296 1201 334 1262 ut
370 1224 388 1258 ‹<
411 1199 616 1264 Protineialia
648 1201 796 1274 Consilia,
828 1199 925 1262 sicubi
956 1200 1071 1264 omissa
1094 1202 1182 1276 sunt,
1209 1221 1264 1282 pro

296 1296 491 1361 moderandis
525 1298 673 1373 moribus,
709 1297 896 1380 corrigendis
930 1298 1112 1373 excessibus,
1145 1300 1266 1362 contro·

296 1395 404 1458 versiis
428 1395 656 1476 componendis,
680 1395 812 1476 aliisque
835 1413 870 1458 ex
887 1394 987 1459 Sacris
1004 1393 1181 1460 Canonibus
1197 1415 1265 1478 per·

298 1492 410 1566 missis,
434 1494 622 1557 renoventur
637 1518 654 1550 »
681 1491 775 1564 (Sese.
793 1493 846 1566 24,
871 1511 937 1574 cap.
962 1494 993 1567 2,
1018 1491 1055 1556 de
1078 1491 1162 1572 ret).

341 1589 418 1656 487.
442 1627 485 1636 -
512 1589 601 1654 Unde
626 1590 765 1671 tempore
796 1589 947 1672 legitimo,
987 1615 1004 1648 ‹
1026 1589 1264 1672 Metropolitani

296 1705 350 1768 per
372 1707 404 1752 se
427 1687 520 1768 ipsos,
545 1706 608 1762 seu,
632 1687 696 1750 illis
715 1687 856 1770 legitime
871 1687 1038 1768 impeditis,
1056 1686 1265 1770 Coepiscopus

297 1783 484 1864 antiquior...
508 1785 579 1865 post
602 1782 753 1847 Octavam
777 1783 913 1846 Paschae
936 1784 1183 1849 Resurrectionis
1204 1784 1266 1848 Do·

297 1882 374 1944 mini
396 1881 501 1946 Nostri
525 1881 596 1946 lesu
620 1881 746 1954 Christi,
771 1900 825 1944 seu
856 1881 918 1944 alio
949 1881 1152 1946 commodiori
1183 1883 1266 1946 tem·

297 1997 380 2061 pore,
397 1999 451 2062 pro
467 1999 553 2044 more
569 1979 760 2053 Provinciae,
776 1997 836 2042 non
853 1980 1084 2060 praetermittat
1101 1980 1263 2062 Synodum

297 2076 329 2140 in
352 2077 514 2142 Provincia
538 2097 594 2142 sua
618 2095 734 2160 cogere,
759 2094 820 2157 quo
844 2076 987 2158 Episcopi
1012 2095 1127 2151 omnes,
1153 2079 1185 2141 et
1210 2078 1264 2142 alii

297 2175 352 2256 qui
375 2174 412 2238 dc
435 2175 502 2238 iure
519 2176 567 2238 vel
582 2173 802 2239 consuetudine
819 2174 966 2238 interesse
990 2175 1111 2250 debent,
1129 2176 1265 2257 exceptis

297 2270 347 2347 iis,
380 2272 491 2353 quibus
522 2292 592 2336 oum
623 2271 796 2336 imminenti
829 2271 963 2354 periculo
997 2272 1264 2336 transfretandum

297 2371 388 2444 essct,
405 2370 562 2434 convenire
579 2370 701 2434 omnino
718 2370 882 2432 teneantur
898 2393 915 2427 >
939 2369 1044 2450 (Cone.
1060 2369 1145 2432 Trid.
1162 2370 1263 2458 ibid).

343 2467 419 2530 488.
446 2504 485 2513 -
511 2467 569 2531 Sed
592 2467 653 2531 Leo
677 2466 764 2538 Xlll,
789 2467 821 2530 in
845 2465 950 2530 Const.
968 2466 1073 2530 Trans
1095 2463 1263 2545 Occursum,

297 2584 353 2647 pro
377 2565 443 2630 tota
467 2564 609 2630 Amerina
632 2564 745 2628 Latina
769 2565 940 2654 concessit,¹
957 2589 974 2622 ‹
990 2567 1027 2626 ut
1048 2562 1178 2628 Concilii
1198 2584 1263 2646 pro·

299 2663 439 2728 vineialis
462 2663 627 2727 celebratio
651 2663 689 2726 ad
714 2662 875 2726 duodecim
898 2681 995 2726 annos
1018 2660 1133 2725 differri
1154 2663 1263 2744 possit,

297 2763 454 2825 reservato
477 2761 698 2843 Metropolitae
722 2761 787 2823 iure
821 2759 901 2822 illud
935 2759 1136 2840 frequentius,
1172 2761 1263 2842 prout

296 2859 463 2923 necessitas
475 2859 691 2940 postulaverit,
704 2857 887 2932 celebrandi,
900 2857 960 2920 nisi
977 2857 1069 2936 aliter
1084 2875 1138 2938 per
1154 2856 1260 2921 Sedem

295 2954 505 3038 Apostolicam
530 2956 637 3037 postea
661 2955 837 3019 ordinatum
860 2954 954 3018 fuerit
970 2979 1001 3016 ».

342 3054 418 3117 489.
436 3091 479 3100 -
495 3052 704 3117 Difficultates
720 3053 826 3116 contra
838 3051 1012 3134 regularem
1024 3051 1258 3116 celebrationem

295 3147 507 3216 Consiliorum
530 3149 768 3214 Provincialium
793 3149 981 3231 superabiles
1006 3149 1138 3214 suadent
1152 3151 1184 3214 et
1202 3167 1258 3214 non

295 3383 380 3438 nibus
399 3383 436 3436 ad
454 3382 608 3436 relationes
627 3381 909 3448 Archiepiscoporum
929 3379 965 3432 ad
986 3379 1012 3433 S.
1035 3378 1154 3432 Limina.
1174 3377 1263 3432 Etre-

298 3489 366 3528 vera
385 3469 512 3526 Concilio.
531 3472 601 3526 haec
619 3470 807 3538 provincialia
826 3469 929 3523 iterum
956 3468 1137 3522 celebrantur
1162 3467 1264 3534 ubique
1328 3521 1331 3527 ,

299 3563 432 3628 locorum,
452 3567 538 3630 atque
557 3560 751 3616 ecclesiastiea
773 3558 925 3626 disciplina
953 3573 1050 3612 eorum
1080 3573 1132 3624 ope
1163 3557 1264 3624 ubique

298 3656 482 3707 restauratur.
502 3691 512 3714 ,
535 3651 587 3714 (De
606 3649 732 3718 Angelis,
753 3649 772 3702 l.
794 3649 817 3715 1,
836 3649 882 3700 tit.
902 3647 945 3713 311,
965 3644 1108 3714 append).
