2812 4268
289 263 342 317 384
590 265 764 312 rnncrsrns
786 248 827 312 'nn
850 265 951 312 ansus

288 463 366 527 leste
388 462 492 526 lumen
522 463 694 526 liberaliter
724 463 919 544 impertiat...
943 461 1026 526 Nam
1050 463 1136 526 siout
1167 462 1263 527 detri-

289 561 394 624 menta
418 559 532 633 omnia,
557 579 635 640 quae
651 560 690 622 ab
706 560 861 641 imperitis
876 559 1018 634 medicis,
1042 560 1152 623 nantis
1166 560 1262 641 atque

289 657 527 738 imperatoribus
543 656 716 732 dimanant,
734 657 773 720 ad
790 658 872 731 illos,
882 677 907 720 a
931 657 1043 738 quibus
1066 657 1160 720 electi
1176 660 1260 731 sunt,

280 754 400 817 -merito
424 753 608 828 referuntur,
633 755 689 828 ita,
715 755 768 836 qui
784 755 916 836 privatis
941 755 1007 818 suis
1031 754 1262 836 cupiditatibus

281 852 509 926 obsecundans,
533 852 724 916 sacerdotem
748 852 895 918 idoneum
919 853 1066 934 omnique
1088 852 1195 916 laudis
1210 872 1262 936 ge·

288 968 358 1012 nere
382 949 591 1030 praestantem
607 949 750 1032 negligit,
766 951 926 1031 aliumque
942 950 1092 1033 suffragio
1109 968 1168 1014 sno
1184 969 1261 1012 nun-

287 1047 381 1128 cupat
404 1045 444 1110 ad
467 1047 643 1110 animarum
667 1048 806 1130 regimen
837 1049 941 1112 minus
971 1047 1258 1122 accommodatum,

287 1144 442 1208 malorum
455 1145 604 1218 omnium,
618 1163 696 1224 qnae
710 1145 780 1208 inde
793 1146 1031 1226 consequentur,
1045 1145 1133 1208 velut
1148 1147 1261 1209 auctor

288 1263 306 1306 a
330 1245 395 1307 Deo
420 1243 617 1306 iudicabitur.
649 1242 737 1307 Bona
762 1263 845 1318 vero,
871 1263 950 1324 quae
973 1243 1186 1324 praestantior
1208 1263 1260 1306 sa·

287 1340 393 1404 cerdos
408 1342 582 1416 excitasset,
600 1342 626 1404 si
642 1341 701 1422 ipsi
718 1341 886 1405 Parochiao
902 1340 1136 1404 administratio
1153 1341 1261 1404 delata

289 1437 407 1514 fuisset,
431 1437 471 1500 ab
494 1438 532 1500 iis
555 1438 749 1502 severissime
772 1439 857 1501 Deus
873 1439 985 1521 exiget,
1003 1437 1056 1517 qui
1072 1437 1260 1520 suffragium

288 1537 440 1618 impertiri
465 1539 657 1599 recusarunt.
681 1535 771 1600 Hanc
794 1537 980 1600 sententiam
1006 1527 1135 1618 pietatis
1155 1535 1260 1620 Magi-

289 1635 352 1696 ster
374 1633 549 1697 Ludovicus
578 1632 783 1698 Gradatensis
814 1635 962 1716 scriptam
988 1635 1129 1715 reliquit:
1157 1633 1262 1697 Prac-

288 1728 393 1808 feraas
415 1731 582 1811 iadipnam
598 1751 670 1794 rcus
695 1737 742 1794 esi
756 1733 895 1795 omnium
911 1732 1101 1806 animarum,
1126 1751 1206 1811 quac
1221 1731 1261 1795 ab

290 1829 355 1892 cius
379 1829 599 1908 iadipm'tutem
616 1829 864 1907 permittendam·
880 1849 953 1892 reus
978 1833 1024 1892 cst
1046 1831 1186 1910 omasum
1201 1827 1260 1908 flo-
1328 1827 1332 1832 ’

288 1926 447 2006 pittacum,
472 1946 550 2004 qnae
575 1947 613 1988 ea
636 1925 690 1990 hoc
706 1928 836 1990 crimine
851 1930 1104 2005 consequentum
1119 1945 1195 1988 retas
1209 1926 1259 1989 de·

289 2023 383 2102 nique
407 2023 627 2097 omniasemel
644 2023 908 2104 elecmosynarum
925 2026 982 2084 aut
1002 2022 1140 2086 aliorum
1165 2023 1259 2086 borao·

289 2141 369 2196 rum,
394 2141 471 2199 pauc
495 2120 568 2183 boni
590 2120 736 2184 Rectora's
758 2121 862 2184 studio
879 2121 1109 2200 perficerentur
1124 2145 1157 2182 ».

336 2218 432 2280 1145.
461 2255 496 2262 -
524 2218 618 2299 oripo
651 2217 1052 2299 interpraetatur-1.
1090 2215 1186 2281 Socra·
1207 2239 1260 2282 ea-

254 2303 257 2310 *
289 2335 385 2378 nones
409 2313 600 2394 templorum,
625 2314 790 2392 altarium,
819 2315 1037 2396 beneficiorum
1061 2313 1258 2394 fundatores,

290 2433 453 2492 sortemque
484 2412 598 2476 liberos
628 2419 658 2475 et
687 2413 834 2477 haeredes
858 2413 1040 2495 praeceperis
1070 2413 1260 2492 casnedum

290 2509 420 2580 torribus,
438 2508 606 2572 honorabas
622 2515 652 2572 et
664 2510 844 2590 priuilcpa'a's
856 2512 1026 2583 (locarant,
1039 2513 1075 2572 ut
1089 2531 1167 2590 crya
1185 2510 1260 2574 illos

289 2627 321 2669 sc
343 2610 451 2686 pratos
468 2606 665 2686 praeberent,
691 2609 805 2670 caeteri
828 2609 935 2672 autem
952 2607 1020 2688 pari
1043 2605 1119 2672 bene
1142 2607 1181 2671 de
1204 2608 1260 2670 Ec-

289 2705 381 2768 clesia
404 2705 581 2768 merendum
605 2705 767 2769 voluntate
792 2706 1010 2768 excitarentur.
1055 2695 1060 2717 '

336 2802 670 2866 1146.-ll.H1nc
702 2805 832 2866 nomina
859 2808 889 2866 'et
919 2801 1020 2883 alapia
1051 2799 1258 2880 fundatorum

290 2900 424 2964 ecclesiis
439 2904 571 2964 recitato
581 2902 741 2981 sacrisque
757 2901 892 2981 dypticis
907 2901 1056 2982 inscripta
1072 2899 1168 2964 fuisse
1184 2921 1257 2966 con·

290 3001 372 3074 stat;
389 3000 460 3062 hinc
471 3017 578 3063 eorum
590 3001 714 3063 nomina
728 3000 864 3063 eeclesiis
876 2999 1041 3080 imposita,
1058 2999 1130 3062 hinc
1145 2999 1257 3064 datum

291 3098 339 3160 ius
362 3096 543 3177 designandi
567 3099 599 3160 et
630 3097 774 3161 offerendi
807 3097 972 3170 clericum,
997 3097 1050 3177 qui
1074 3096 1257 3160 beneficium

290 3195 496 3276 adipiscatur:
528 3195 599 3258 hinc
621 3195 740 3276 reliqua
768 3213 911 3259 concessa
936 3195 1005 3258 iura
1028 3213 1107 3275 quae
1132 3195 1257 3260 honori·

290 3292 374 3354 ficati
398 3291 548 3372 appellari
572 3291 715 3355 diximus.
740 3291 884 3355 Omnium
910 3292 1015 3356 tamen
1038 3293 1213 3356 maximam
1228 3296 1258 3356 et

287 3388 490 3467 praeceperam
514 3391 560 3450 est
581 3389 633 3450 a'us
655 3387 816 3466 offerendi,
848 3409 903 3452 sea
920 3389 1151 3468 praesentanda
1173 3389 1255 3469 uffi-

289 3505 378 3564 scopo
406 3481 562 3548 Olcre‘cum
593 3485 645 3566 qui
675 3485 800 3549 inst'tui
823 3487 855 3549 et
885 3487 981 3550 creari
1011 3485 1124 3550 debeat
1153 3488 1257 3550 rector

291 3582 476 3760 terppli19spu
506 3581 654 3658 beneficii,
678 3583 719 3647 ad
742 3583 825 3665 quod
854 3584 1070 3664 praesentatus
1094 3584 1156 3648 fuit
1180 3585 1255 3665 (De-

292 3697 329 3742 vo
342 3697 367 3753 n,
453 3726 460 3738 .
