2818 4276
296 220 298 230 Ι
340 241 390 295 126
472 242 645 289 TRAC'l'A'l'US
669 243 708 288 DE
733 242 922 289 HIEEAECHIA
945 241 1175 290 lualsnldssohls

339 441 437 504 Isaiae
461 440 528 521 (19,
556 440 629 522 18):
662 439 771 502 Erunt
805 441 941 520 quiaque
975 441 1115 503 civitatee
1146 439 1295 520 loquentes

336 539 449 620 linono
477 535 642 631 Circaeae.
669 539 765 602 Roma
787 540 894 602 eutem
918 538 1101 602 universalis
1136 539 1200 612 est3
1235 537 1295 600 ideo

337 637 449 700 ciuitas
483 634 558 698 solis
593 635 752 698 uocabitur
787 656 851 698 aaa
885 635 998 718 (ibid.)
1030 633 1109 713 Quia
1141 637 1200 700 etsi
1223 635 1296 699 aliae

340 737 475 816 quatuor
497 733 584 797 sedes
607 733 729 815 plenam
753 733 972 796 auctoritatem
998 733 1132 798 habeant
1148 732 1298 816 superEc-

337 833 440 896 clesiis
457 831 651 914 partialibus,
668 830 733 894 sola
750 832 854 894 tamen
870 829 971 894 Roma
987 831 1205 894 universaliter
1224 830 1299 893 sicut

338 929 386 992 sol
410 948 501 1011 super
524 929 664 1009 planetas
685 927 779 992 habet
795 927 1015 1008 plenitudinem
1033 928 1200 1015 potestatis
1216 945 1300 1008 super

338 1045 455 1090 omnes.
480 1027 520 1089 Et
543 1025 710 1090 secundum
733 1025 791 1088 hoc
815 1027 888 1088 sunt
912 1027 974 1090 tres
999 1025 1129 1100 ordines,
1153 1043 1216 1090 non
1242 1025 1300 1106 qui-

339 1125 409 1188 dem
434 1125 558 1206 propter
579 1124 651 1187 novi
675 1123 860 1188 characteris
872 1123 1114 1205 impressionem,
1131 1125 1206 1205 quia
1222 1125 1299 1188 ultra

338 1221 547 1286 sacerdotium
571 1239 631 1285 non
655 1223 703 1284 est
726 1219 852 1304 gradile,
877 1221 930 1283 sed
953 1222 1078 1302 propter
1105 1221 1299 1285 eminentiam

338 1320 373 1382 et
404 1319 600 1399 potestatem.
633 1317 756 1381 Primus
790 1317 953 1398 respondet
977 1317 1118 1393 Thronis,
1153 1318 1301 1382 secundus

338 1413 516 1486 Cherubim,
541 1414 653 1478 tertius
677 1413 847 1495 Seraphim,
877 1415 948 1493 quia
973 1416 1096 1495 oportet
1120 1415 1300 1498 Episcopum

338 1532 405 1576 esse
429 1512 665 1593 amplectentem
690 1531 772 1586 eum,
797 1511 850 1592 qui
874 1511 1041 1576 secundum
1058 1511 1232 1576 doctrinam
1248 1513 1299 1583 est,

338 1609 461 1674 fidelem
485 1627 656 1674 sermonem
680 1609 756 1689 (Tit.
783 1609 818 1683 l,
838 1609 882 1692 9).
906 1609 991 1690 Papa
1008 1611 1114 1672 autem
1134 1609 1227 1674 debet
1242 1626 1300 1672 esee

340 1707 581 1790 perfectissimus
616 1707 696 1770 inter
719 1725 823 1770 omnes
847 1732 864 1764 »
892 1705 936 1786 (S.
961 1707 1090 1782 Bonan,
1119 1707 1220 1771 Serae.
1248 1709 1299 1779 22,

341 1807 377 1868 ia
400 1805 551 1887 Esaeae).

386 1903 461 1966 385.
486 1940 530 1948 -
551 1901 727 1988 Praecipua
748 1901 874 1970 nomina
890 1901 999 1987 ouibus
1014 1903 1101 1988 Papa
1117 1905 1153 1971 ei
1166 1903 1300 1974 Romana

341 2000 444 2068 Sedes
467 2018 488 2068 a
511 2000 684 2070 traditione
707 2001 854 2070 donatur.
879 2041 923 2048 -
946 2003 970 2065 l.
988 2001 1073 2068 Petri
1088 2004 1237 2068 cathedra
1252 2003 1301 2066 Ee-

338 2098 643 2182 olesia'principalis,
667 2099 835 2164 Exordium
848 2101 979 2164 unitatis
995 2101 1206 2178 sacerdotalis,
1231 2101 1301 2163 Viu-

339 2195 447 2259 culum
468 2197 609 2272 unitatis,
634 2198 805 2277 apostolico
828 2198 961 2261 culmine
985 2199 1182 2276 sublimatus,
1209 2199 1301 2282 digni-

342 2296 409 2358 tate
432 2293 535 2358 Aaron
559 2294 606 2368 (S.
639 2293 812 2377 Cypriam).
846 2296 946 2358 -ll.
979 2294 1150 2362 Sacerdotii
1174 2299 1300 2362 sublime

344 2392 505 2474 fastigium
536 2393 672 2456 Ecclesia
697 2393 728 2456 in
745 2412 805 2474 qua
833 2395 880 2458 est
909 2395 1066 2476 potentior
1093 2396 1300 2479 principalitas

344 2489 389 2573 (S.
413 2490 517 2574 lren.)
543 2525 584 2536 —
609 2490 666 2554 lll.
692 2491 843 2556 Ecclesiae
866 2491 954 2556 radix
977 2495 1008 2556 et
1035 2494 1148 2557 matrix
1165 2493 1209 2575 (S.
1227 2495 1300 2558 Ans-

258 2597 260 2600 ’
342 2588 440 2668 olet.)
464 2625 507 2634 -
530 2588 584 2650 IV.
610 2588 701 2652 Sedes
724 2607 930 2670 superquam
955 2590 1106 2654 Dominus
1129 2593 1298 2656 universam

341 2686 513 2750 construxit
535 2686 701 2750 Ecclesiam
726 2685 770 2768 (S.
796 2686 1001 2770 Damascen.)
1030 2725 1064 2734 -
1083 2688 1120 2750 V.
1145 2687 1245 2754 Cardo
1273 2689 1300 2749 et

343 2788 438 2866 caput
461 2785 599 2850 omnium
623 2785 829 2850 Ecclesiarum
852 2785 1036 2863 (Marcellin.
1065 2786 1103 2869 l).
1125 2823 1161 2832 -
1180 2787 1301 2870 Episco-

344 2899 454 2962 porum
470 2881 624 2964 refugium
637 2881 723 2964 (Syn.
738 2881 910 2964 Alexand).
926 2919 965 2930 -
979 2882 1107 2948 Summa
1123 2883 1216 2949 Sedes
1226 2884 1301 2966 Apo·

343 2978 453 3042 stolida
477 2977 521 3059 (S.
544 2979 685 3062 Athen).
711 3016 752 3024 -
777 2978 832 3042 Vl.
857 2977 959 3062 Caput
981 2982 1147 3062 pastoralis
1171 2981 1298 3052 honoris,

344 3076 521 3158 principalis
533 3076 695 3158 apostolici
708 3075 877 3142 Sacerdotii
889 3078 1036 3161 dignitas,
1049 3077 1151 3161 Caput
1167 3081 1298 3144 omnium

343 3173 561 3250 Ecclesiarum,
591 3173 690 3256 prima
723 3173 814 3238 Sedes
842 3176 979 3240 omnium
1004 3175 1048 3256 (S.
1072 3176 1227 3261 Prosper),
1261 3209 1299 3221 ν

345 3269 415 3334 Vll.
441 3268 542 3352 Caput
559 3271 640 3335 orbis
657 3273 688 3335 ot
704 3272 812 3336 mundi
826 3273 996 3359 religionis,
1013 3273 1158 3338 Sacerdos
1174 3289 1299 3359 magnus

344 3367 437 3449 (lmp.
468 3367 702 3448 Valentinian.).
727 3405 769 3416 -
798 3369 884 3432 Vlll.
916 3368 1052 3434 (laetaris
1079 3371 1219 3453 praelata
1247 3370 1299 3434 Eo·
1377 3435 1379 3462 ἵ

344 3465 437 3529 clesia
462 3465 584 3548 (Victor
615 3465 792 3551 Uticensis).
818 3504 860 3514 —
883 3469 939 3532 Ill.
966 3468 1101 3535 Ecclesia
1131 3469 1298 3553 praesidens
1377 3489 1379 3594 l

279 3629 282 3638 ,
343 3563 436 3646 (lmp.
460 3563 649 3648 Iustinian.)
672 3604 716 3612 -
739 3567 777 3630 X.
802 3567 907 3630 Prima
930 3567 1016 3632 sedes
1040 3587 1058 3631 a
1080 3569 1200 3632 nemine
1223 3564 1297 3632 iudi·
1377 3599 1379 3654 l

342 3660 451 3736 canda,
476 3662 659 3728 universalis
682 3664 865 3730 Patriarcha
888 3664 935 3746 (S.
952 3665 1013 3730 Leo
1029 3666 1098 3749 M.)
1123 3704 1156 3712 —
1173 3666 1229 3730 Xl.
1246 3663 1298 3726 Tu·
1378 3677 1379 3758 p
