2818 4276
366 283 432 330 cnP.
456 283 477 330 Ι.
502 282 541 328 DE
565 280 693 328 ROMANO
717 278 874 326 pennulae
1059 275 1109 330 145

140 503 213 550 raro
236 485 320 548 hisee
344 483 459 547 nostris
482 481 674 564 temporibus
698 479 776 544 illud
807 479 1010 544 inverecunde
1041 479 1110 544 reii-

135 582 254 657 eiatur‚
280 582 312 645 et
335 600 354 644 a
377 599 438 644 non
462 579 569 664 paucis
591 580 820 654 contemnatur,
844 577 967 660 expedit
983 578 1110 643 omnino

136 681 176 744 ut
203 697 296 761 saepe
320 678 443 759 saepius
465 677 596 741 Paroohi
620 675 857 740 infallibilitatis
880 673 995 758 dogma
1012 673 1112 738 fideii·

135 775 198 841 bus
223 775 385 859 explicent,
409 773 609 838 inerrantiam
634 773 674 836 ab
706 771 969 854 impeccabilitate
1000 772 1111 836 distin-

135 874 251 958 guant,
288 873 320 936 et
353 871 546 936 conditiones
580 873 770 946 enumerent,
811 871 923 952 quibus
959 871 1112 948 servatis,

138 969 250 1034 divina
273 969 349 1034 haec
370 968 591 1052 praerogativa
614 967 759 1050 explicari
783 965 883 1043 debet,
901 969 937 1030 ut
952 987 1023 1032 rere
1050 966 1113 1046 for·-

137 1065 239 1130 malr's
262 1065 402 1148 definitio
425 1085 463 1128 ea
486 1063 634 1128 cathedra
657 1063 820 1129 habeatur.

189 1164 268 1228 440.
292 1199 336 1210 —-
362 1188 379 1221 ‹
396 1165 536 1227 Doceant
558 1164 716 1244 praeterea
740 1181 800 1226 non
823 1163 948 1227 tantum
972 1163 1003 1226 in
1021 1163 1111 1226 rebus

139 1281 226 1344 quae
248 1261 288 1326 ad
311 1260 403 1324 fidem
431 1263 463 1324 et
485 1278 597 1336 mores,
621 1259 675 1324 sed
701 1261 796 1323 etiam
821 1260 852 1324 in
876 1261 924 1338 iis,
955 1261 1004 1324 uti
1036 1261 1111 1324 defi-

139 1359 271 1424 nierant
293 1357 439 1423 Vaticani
463 1358 593 1424 Consilii
616 1358 736 1433 Patres,
761 1378 839 1437 qaae
853 1357 897 1421 ad
911 1357 1111 1438 doscipb'aam

141 1462 175 1521 et
197 1457 337 1538 repimea
361 1455 520 1520 Erebeae
539 1476 598 1536 per
621 1459 717 1519 totam
748 1455 852 1520 orbem
882 1454 1019 1535 diffusae
1037 1477 1111 1536 per·

143 1556 257 1631 tinent,
280 1555 373 1636 inque
397 1554 549 1632 omnibus,
574 1573 652 1636 quae
674 1552 789 1618 Christi
807 1553 949 1619 Viearius
966 1554 1112 1632 decernit,

140 1653 278 1718 tirmiter
301 1653 348 1716 1111
372 1671 437 1716 esse
468 1652 707 1726 adhaerendum,
740 1651 953 1734 praedicantes
980 1649 1113 1718 Summo

140 1750 291 1815 Pontifici
315 1751 382 1814 toto
405 1749 495 1814 eorde
511 1750 666 1834 coniungi,
684 1750 786 1831 ipsum
803 1749 1022 1814 ardentissima
1039 1749 1112 1814 chn-

141 1849 243 1912 ritate
266 1847 402 1931 diligera
428 1867 550 1912 summa
581 1847 752 1912 reverentia
782 1848 937 1930 prosequi,
970 1849 1113 1912 eumdem

142 1947 185 2011 ab
219 1946 386 2028 impiorum
418 1945 553 2010 dicteriis
582 1945 733 2027 intrepide
764 1945 854 2021 tueri,
886 1947 918 2010 et
946 1965 1029 2028 quae
1060 1967 1114 2030 pro

141 2043 207 2107 Dei
229 2043 340 2126 gloria,
364 2044 540 2108 animarum
557 2043 658 2107 salute
674 2045 706 2106 et
721 2043 819 2126 ipsius
835 2041 937 2106 civilis
954 2043 1114 2110 societatis

141 2143 228 2207 bono
252 2159 287 2205 ac
311 2141 417 2206 decore
440 2141 492 2206 ille
515 2141 607 2226 gerit,
633 2141 776 2206 omnibus
791 2139 923 2224 pandere
940 2142 972 2205 et
990 2144 1112 2226 magui·

140 2240 239 2304 ficare
273 2258 337 2304 esse
373 2259 442 2304 vere
477 2238 548 2304 fidei
580 2239 799 2323 professionem
833 2239 970 2303 omnium
1007 2239 1111 2305 forsan

141 2335 438 2421 splendidissimam.

191 2435 269 2497 441.
294 2471 336 2482 -
363 2460 381 2494 «
397 2434 560 2500 Neminem
584 2436 664 2500 latet
687 2455 748 2516 qua
770 2435 910 2518 egestate
936 2435 1113 2518 temporum

141 2533 287 2614 nequitia
298 2535 458 2616 prematur
471 2534 539 2598 Iesu
557 2533 673 2600 Christi
689 2533 842 2598 Vioariue.
859 2569 901 2580 -
919 2535 1114 2616 Quapropter

141 2631 363 2716 gratissimum
387 2632 430 2696 sit
452 2632 594 2696 omnibus
617 2631 829 2696 sacerdotibus
853 2631 990 2696 officium
1018 2631 1116 2697 subsi-

143 2727 201 2792 dia
224 2746 279 2810 pro
304 2728 421 2792 viribus
445 2729 492 2792 illi
515 2729 705 2803 oonierendi3
738 2748 793 2793 nee
816 2748 866 2794 eos
891 2731 1016 2794 taedeat
1048 2732 1114 2812 pios

141 2826 246 2891 laicos
268 2827 400 2890 exaitare
424 2829 460 2891 ut
482 2845 591 2891 nomen
615 2827 779 2891 exhibeant
802 2827 964 2912 religiosae
995 2829 1114 2893 Sodali·

142 2924 215 2988 dati
239 2923 337 3006 Stipis
363 2925 527 2989 Petrianae
543 2950 575 2988 ».

194 3021 269 3084 442.
296 3059 336 3067 -
352 3023 540 3088 Conclusio:
558 3047 575 3080 e
587 3021 632 3085 Ex
647 3022 796 3086 haetenus
810 3021 977 3105 disputatis
995 3023 1113 3087 conclu·

142 3117 220 3182 dere
243 3118 290 3182 est
305 3120 422 3200 quanta
438 3119 480 3184 sit
496 3121 640 3201 oporteat
654 3121 792 3183 omnium
809 3120 990 3195 reverentia,
1014 3121 1114 3184 obser·

142 3217 257 3283 vautia
273 3219 304 3281 et
320 3215 494 3282 obedientia
518 3237 591 3302 erga
608 3219 645 3282 R.
662 3218 857 3294 Pontificem,
875 3219 927 3300 qui
944 3220 995 3300 (ut
1013 3221 1116 3285 verbis

142 3317 278 3379 utamur
313 3315 345 3378 S.
380 3314 545 3400 Alphonsi)
579 3335 720 3380 curremus
750 3321 796 3379 est
827 3315 997 3398 theolopr'ae
1026 3318 1116 3398 pria·

142 3431 219 3491 ceps
241 3431 383 3494 artaeque
405 3412 566 3504 Ecclesiae
597 3413 782 3490 moderator,
815 3414 942 3479 divinae
974 3417 1118 3481 veritatis

144 3513 348 3574 conservator
371 3515 401 3574 et
422 3511 548 3586 aiadea,
565 3531 706 3591 anaeque
721 3513 1007 3578 controuersiarum
1022 3515 1119 3580 iudea

142 3606 190 3672 ab
212 3605 279 3686 abac
303 3607 372 3672 Deo
393 3607 555 3690 scapolaro·
573 3609 772 3688 procidentia
792 3608 905 3675 adhoc
920 3613 1116 3678 constitutae.

133 3703 222 3770 *Ideo
245 3705 333 3788 patet
356 3704 431 3786 quid
457 3705 621 3770 dicendum
645 3705 688 3769 eit
717 3705 756 3770 de
787 3707 851 3771 illis
881 3706 992 3788 forsan
1024 3711 1117 3773 otram

204 3863 232 3906 10
244 3885 270 3896 -
284 3863 353 3904 aura
368 3863 427 3907 Gan.
