2758 4270
306 255 359 309 270
585 256 759 303 TRAGTATUS
782 256 821 301 DE
846 255 992 302 PEESONIS

307 473 414 518 eorum
437 452 593 534 impensis,
619 451 671 532 qui
699 470 750 514 eas
783 450 940 532 praestare
974 449 1023 512 vel
1054 450 1196 512 tenentur
1224 445 1265 509 vel

307 552 417 626 solent,
443 548 635 632 deputandos
660 549 690 611 in
707 549 845 625 civitate,
859 547 962 611 autin
979 565 1172 627 quacumque
1187 543 1265 626 parte

308 649 454 713 dioecesis
478 647 644 712 censebunt
660 645 810 728 expedire,
827 645 939 710 saitem
955 643 1098 708 omnibns
1113 641 1265 706 dominicis

308 752 337 809 et
359 745 548 810 solemnibus
571 743 678 807 dicbus
694 741 799 821 testim
817 748 949 824 tempore
966 745 1071 804 antem
1090 741 1267 803 ieiuniorum
1348 766 1349 775 ¹

312 843 578 924 Quadrupesimoe
600 847 631 904 et
653 841 818 904 Adventus
842 839 975 904 Domini
997 839 1134 918 qnotidie
1156 833 1266 900 neisot-

309 945 368 1003 tem
392 939 492 1001 tribns
515 939 550 1000 in
574 937 764 1000 bebdomada
787 937 905 1011 diebns,
929 936 956 1000 si
979 937 1024 999 ita
1050 937 1186 1017 oportere
1215 931 1266 994 du·

307 1038 416 1112 xeriut,
442 1036 550 1100 Sacros
573 1035 759 1116 Scripturas,
785 1033 922 1098 divinam
953 1035 1054 1117 legem
1082 1030 1263 1102 annuntient,

305 1135 441 1198 ’3131133
465 1135 717 1215 quotiescumque
740 1132 772 1195 id
796 1133 967 1214 opportune
990 1131 1054 1194 fieri
1084 1149 1168 1212 posse
1194 1127 1264 1191 iudi-

309 1233 458 1296 caverint.
482 1231 669 1312 Moneatque
692 1230 862 1310 Episcopus
886 1229 1034 1311 populum
1058 1227 1263 1311 diligenterte-

309 1330 373 1393 neri
397 1347 647 1410 unumquemque
671 1327 838 1392 Par'ochiae
862 1346 935 1390 suae
951 1327 1109 1401 iuteresse,
1126 1327 1176 1389 ubi
1194 1343 1264 1388 com·

309 1427 397 1492 mode
421 1428 452 1490 id
476 1426 541 1490 fieri
565 1427 669 1508 potest
692 1425 731 1488 ad
748 1423 935 1488 audiendum
952 1424 1080 1487 verbum
1096 1425 1160 1487 Dei.
1172 1423 1262 1486 Iidem

64 1546 67 1554 ·
199 1524 201 1528 '
309 1525 459 1606 Episcopi
490 1523 602 1586 sottcm
630 1522 808 1596 dominicis,
845 1525 875 1584 et
908 1521 984 1584 otiis
1018 1519 1138 1598 festinis
1166 1518 1263 1582 dietim

305 1643 420 1703 pueros
442 1623 477 1684 in
499 1619 636 1701 sinqntis
659 1617 830 1684 Pococlciis
852 1619 928 1699 pidet
950 1619 1130 1680 rudimento
1152 1622 1180 1680 et
1204 1616 1262 1679 obe·

294 1718 458 1783 'dientiom
481 1739 556 1799 erqo
580 1717 683 1781 Decem
707 1720 736 1779 et
751 1721 902 1795 ponentes
925 1715 1093 1796 dilipenter
1107 1717 1145 1778 ob
1168 1716 1212 1791 iis,
1227 1711 1264 1774 od

309 1837 385 1897 qnos
407 1817 565 1899 spectabit,
590 1815 695 1878 doceri
716 1813 891 1890 cacabant·
915 1815 946 1877 et
970 1815 995 1877 si
1020 1832 1097 1896 opus
1114 1815 1163 1888 sit,
1179 1814 1261 1878 etiam

310 1933 362 1996 per
385 1932 527 1977 censuras
550 1912 773 1976 ecclesiasticas
789 1911 983 1992 compellent,
1001 1931 1059 1974 non
1081 1909 1261 1976 obstantibus

309 2011 479 2094 privilegiis
503 2013 534 2074 et
546 2009 819 2074 consuetudinibus
836 2007 911 2090 (Cir.
929 2009 1024 2085 Tria,
1041 2029 1117 2075 sess.
1132 2011 1182 2086 24,
1198 2028 1220 2070 c.
1236 2007 1261 2080 l,

308 2110 346 2173 dc
370 2108 535 2190 Reform).

279 2271 281 2274 .
355 2209 429 2270 802.
455 2244 497 2276 -;
522 2207 592 2270 Vll.
616 2207 774 2270 Parochus
798 2208 913 2281 autem,
940 2207 992 2288 qni
1016 2227 1086 2270 vere
1109 2206 1262 2271 Ecclesiam

309 2304 423 2387 diligit,
448 2304 577 2386 accipiet
600 2305 771 2368 reverenter
795 2323 904 2368 nomeu
926 2303 1077 2380 Pastoris,
1102 2325 1172 2368 cnm
1192 2303 1263 2367 illia

309 2403 528 2484 superioribus,
554 2403 603 2466 vel
627 2401 768 2465 fidelibus
792 2402 945 2479 traditum
970 2403 1023 2467 sed
1047 2405 1177 2476 cnccbit,
1190 2421 1225 2465 ne
1238 2418 1263 2462 se

312 2498 479 2562 Pastorem
500 2501 646 2575 nominet,
670 2519 743 2562 nam
759 2499 843 2563 mala
858 2501 1099 2576 luctuosissima,
1117 2519 1193 2581 quae
1211 2515 1263 2562 sae·

309 2598 388 2662 culis
412 2598 629 2678 praeterlapsis
652 2616 671 2660 a
694 2597 773 2661 falsa
790 2599 944 2662 attributa
961 2598 1108 2662 Parochis
1126 2595 1263 2680 qualitate

310 2695 477 2767 Pastorum
501 2713 591 2776 passa
607 2696 653 2758 est
670 2695 815 2770 Ecclesia,
832 2694 932 2758 adhuc
948 2696 1028 2758 torte
1044 2696 1073 2758 in
1092 2694 1263 2776 quibusdam

310 2793 490 2876 persistunt.
513 2792 605 2855 Itind
633 2813 709 2855 sone
743 2797 879 2873 sqstemo
913 2793 1082 2856 extollendi
1117 2789 1263 2856 Porocbos

309 2894 419 2956 sonmo
434 2890 614 2970 Episcopus,
631 2891 843 2954 alansenistis
855 2893 1095 2973 propugnatum,
1114 2894 1144 2955 et
1160 2889 1263 2954 31311-

310 2989 449 3054 smaticis
472 2987 704 3072 magnificatum
731 2989 775 3070 (et
798 2988 923 3052 hodien
944 2989 1129 3070 quibusdam
1150 2987 1261 3054 Gallice

302 3085 444 3167 politicis
467 3086 712 3167 frequentissime
728 3087 931 3168 usitatum...)
947 3087 1108 3152 exitiosius
1124 3085 1261 3150 Ecclesiae

309 3183 399 3264 plane
423 3183 493 3257 fuit,
519 3201 613 3263 quam
629 3182 812 3246 damnatum
827 3182 913 3246 Aerii
929 3183 1260 3265 Presbyternnrsmum

309 3297 382 3342 nam
405 3279 463 3343 hcc
487 3279 618 3343 iaciebat
634 3279 833 3362 Presbyteros
848 3279 992 3360 aequales
1008 3279 1175 3363 Episcopis,
1192 3275 1261 3360 quel

309 3375 399 3440 facile
415 3377 670 3458 approbationem
687 3377 822 3441 obtinere
838 3378 1003 3458 nequibat:
1020 3378 1073 3440 sed
1090 3379 1175 3454 illud,
1192 3373 1261 3458 quoi

310 3474 391 3538 solos
414 3473 569 3538 Parcohcs
592 3475 736 3556 aequales
760 3475 970 3540 constituebat
996 3475 1165 3560 Episcopis,
1194 3492 1262 3539 corn·

310 3570 433 3645 medius
456 3572 488 3634 et
511 3571 699 3652 probabilius
723 3572 896 3650 ridebatur,
921 3575 958 3637 ut
980 3574 1104 3640 facilius
1135 3573 1263 3639 admitte·

309 3669 406 3731 retur.
430 3667 532 3747 Quare
554 3669 647 3732 huius
670 3670 850 3752 systematis
865 3671 1015 3736 Auctores
1033 3671 1099 3748 hoc,
1118 3673 1165 3738 vel
1180 3665 1261 3736 simili
