2818 4276
293 251 327 302 bl
507 251 613 296 'FRACT.
638 252 676 296 DE
702 251 775 296 rous
800 251 889 296 PUBL.
914 251 946 296 IN
970 251 1042 296 GEN.

296 449 455 514 catholicis
469 450 580 513 andire
603 451 761 512 conciorrcs
785 448 1017 520 lracrcticorarn,
1035 447 1092 510 filii
1108 446 1269 510 Ecclesiae

296 549 334 612 iis
359 547 480 611 obedire
506 549 670 629 nequeunt,
695 565 749 610 nec
772 547 852 610 ritus
874 545 1071 609 detestabiles
1088 543 1120 607 in
1136 543 1268 625 templis

296 644 441 728 perfidiae
465 646 601 709 venerari
626 646 764 726 possunt,
790 645 932 724 quamuis
958 641 1063 706 ciuiles
1091 645 1269 721 potestates

296 741 456 805 decbrrcnt
469 763 501 804 sc
518 741 574 804 bac
589 763 624 804 rc
639 741 721 803 nibil
735 741 825 804 (iliud
848 743 979 822 ccipere,
1005 760 1097 819 quarn
1122 739 1269 803 obedien-

299 842 375 902 tiarn
398 840 527 915 cicilcrn,
545 859 599 904 nec
615 841 694 904 velle
710 858 827 923 cogere,
844 841 881 902 ut
895 859 913 902 a
929 839 988 902 fide
1004 838 1173 913 discedant,
1190 857 1267 902 cum

296 939 401 1002 tamen
425 939 524 1020 reipsa
547 939 736 1002 eontrarium
760 937 838 1000 velle
863 936 1025 1001 rideantur·
1049 937 1138 1018 (Pius
1167 936 1197 998 V
1213 937 1266 1000 bis

297 1036 454 1118 rescripsit
476 1035 610 1118 Anglis).
1039 1081 1041 1089 ,

343 1135 418 1197 292.
435 1171 479 1180 -
494 1131 674 1200 Prudentia.
692 1133 716 1196 l.
735 1134 890 1196 Pnuocnrs
906 1132 1114 1197 saecularibus
1127 1133 1159 1194 et
1176 1151 1270 1216 regu·
1378 1147 1380 1170 ⁴

298 1231 416 1296 laribus
441 1232 472 1296 in
496 1232 612 1296 ditione
639 1231 826 1296 heterodora
842 1231 1024 1314 degentibus
1041 1229 1155 1294 Sancta
1172 1229 1269 1294 Sedes

298 1330 457 1410 praecipit,
482 1331 518 1392 ut
542 1334 671 1391 careant
695 1328 757 1390 atto
781 1329 868 1392 modo
890 1349 923 1391 sc
945 1329 1089 1408 inperare
1111 1328 1145 1390 in
1171 1328 1270 1392 rcbrrs

297 1426 508 1504 spectantibus
532 1427 575 1488 act
590 1427 754 1504 politicam
777 1425 988 1500 saeculoram·
1019 1445 1075 1488 ncc
1098 1424 1201 1488 ullum
1224 1425 1272 1486 ad
1380 1445 1381 1486 ῑ

298 1523 403 1602 ospicia
420 1523 550 1602 publica
567 1529 758 1603 proponant,
784 1525 926 1603 quamvis
950 1525 1052 1604 aptior
1086 1525 1199 1588 ceteris
1226 1525 1271 1588 vi-

298 1621 408 1684 deatur
421 1645 429 1695 ς
443 1641 498 1684 nec
513 1642 652 1700 unquam
666 1623 817 1684 intersint
831 1622 963 1684 consitiis
979 1624 1035 1685 aut
1051 1623 1270 1696 conventibus

298 1720 412 1782 ubide
436 1720 525 1783 rebus
557 1720 687 1801 publicis
718 1720 824 1802 agitur
848 1718 1024 1801 (citerani.
1061 1719 1137 1794 VH,
1165 1720 1267 1793 1658,

298 1836 347 1897 ap.
372 1819 417 1880 De
441 1817 542 1892 Luise‚
567 1837 596 1898 p.
623 1817 688 1895 14).
713 1817 821 1880 Nom:
838 1815 972 1880 Attende
988 1817 1028 1880 ad
1043 1818 1287 1882 instructiones·

292 1913 505 1990 particulares
528 1933 582 1994 pro
606 1914 783 1977 nationibus
818 1914 936 1988 rietatis,
961 1933 1015 1976 seu
1038 1914 1092 1978 ubi
1116 1915 1268 1978 catholici

298 2013 371 2073 sunt
394 2013 559 2086 numerosi,
584 2010 674 2074 utin
699 2011 876 2086 Germania,
898 2013 955 2073 etc.
985 2013 1036 2075 ubi
1063 2013 1157 2075 multi
1181 2013 1270 2076 inre-
1382 2069 1383 2080 ,

300 2109 428 2172 niuntur
452 2110 656 2191 magistratus
680 2109 835 2172 catholici.

214 2190 218 2201 ¹
343 2206 418 2268 293.
436 2241 478 2252 -
503 2205 543 2267 ll.
561 2205 775 2268 Ecclcaastici
798 2210 862 2267 tum
885 2206 1070 2280 saeculares,
1088 2227 1158 2268 arra
1175 2229 1268 2288 repu-

298 2303 392 2378 larcs,
428 2305 588 2382 ceterique,
613 2304 668 2382 poci
691 2303 881 2365 ctbniccrarn
908 2303 1160 2366 concessionibus
1187 2306 1271 2368 dant

298 2422 433 2479 opcrnrn,
457 2401 528 2464 illos
551 2420 612 2464 non
636 2402 859 2477 vexationibus,
895 2402 1176 2482 pollicitationibus
1210 2405 1268 2467 aut
1383 2401 1384 2412 ’

298 2499 339 2572 ri,
364 2498 417 2560 sed
440 2498 524 2561 verbi
547 2498 606 2560 Dei
629 2497 864 2579 praedicatione,
889 2500 921 2561 et
951 2499 1102 2564 bonorum
1135 2519 1268 2581 operum

297 2596 435 2677 exemplo
460 2595 615 2670 inducant,
635 2599 874 2676 perscrutantes
890 2597 1060 2675 praecipuo
1095 2596 1269 2678 dilipcntcr

300 2713 357 2770 pao
380 2691 444 2770 Jtnc
468 2696 498 2754 ct
519 2693 633 2770 spiritu
656 2693 811 2754 doccantur
835 2695 889 2770 qui
913 2692 1070 2771 baptisari
1100 2694 1270 2772 postnbtnt

299 2788 454 2872 (ibid.)—
470 2789 575 2853 Nern:
598 2789 711 2852 Inclaci
734 2789 768 2849 in
791 2790 962 2866 ,superioris
977 2787 1112 2867 Africae
1127 2793 1269 2872 rcpioni-

300 2887 365 2962 bers,
397 2887 558 2968 praecipue
589 2887 621 2948 in
653 2885 834 2949 occidentali
863 2887 951 2966 parte
983 2885 1139 2970 degentes,
1176 2888 1268 2952 facile

298 2984 490 3066 baptismum
518 2983 689 3064 recipiunt:
723 2984 753 3046 et
783 2982 904 3046 facilius
936 2984 1098 3064 apostatae
1121 2983 1208 3061 fient,
1241 2987 1269 3049 si

298 3081 356 3144 hac
378 3082 411 3144 in
433 3099 465 3144 re
488 3081 610 3144 matrue
627 3080 658 3142 et
673 3078 839 3160 prudenter
854 3078 939 3142 haud
954 3080 1148 3162 procedatur.
1166 3082 1267 3157 Unde,

297 3179 379 3240 scria
402 3176 597 3241 examinandi
613 3178 644 3239 et
659 3193 855 3239 rusrauuuor.
873 3175 968 3258 Saepe
984 3177 1066 3240 enim
1082 3195 1143 3240 non
1161 3177 1269 3244 Chris·

301 3279 380 3352 tum,
405 3275 458 3340 sed
482 3276 653 3338 humanum
677 3273 849 3336 subsidium
873 3276 1057 3353 quaerunt...

345 3374 419 3436 294.
440 3408 478 3418 -
497 3370 679 3455 Baptismus
710 3369 919 3452 parvulorum.
946 3405 989 3418 -
1016 3371 1040 3434 Ι.
1068 3370 1138 3436 Non
1167 3374 1270 3456 bapti-

299 3472 385 3533 zetur
419 3469 520 3532 iulans
568 3467 651 3530 filius
686 3467 941 3531 heterodoxorum
974 3468 1023 3531 vel
1060 3488 1269 3554 paganorum,

299 3567 402 3632 insciis
426 3568 520 3647 atque
558 3565 664 3628 invitis
689 3555 891 3645 parentibus.
932 3599 973 3612 —
1020 3566 1129 3630 Potest
1161 3570 1269 3634 tamen
