2856 4276
525 279 752 327 Pnolllaonlnnn
1083 282 1115 335 13

151 373 402 380 ῳ-ρ--ι-
412 374 570 380 -—-..-.—.
593 375 658 380 .-.-.
667 375 794 381 --.-——...

153 475 331 540 Catholicae
365 477 557 539 crdiaaatar
585 477 744 559 (Wernz);
769 495 840 539 seu:
865 477 923 539 Ius
946 483 1117 556 acropoleos

151 573 313 638 Ecclesiae
343 577 380 634 at
411 573 551 636 societati
578 571 737 652 perfectae
761 571 953 655 (Ccvagnis).
986 575 1039 638 lus
1069 595 1119 638 ca-

149 672 296 735 nonicam
335 673 366 735 et
404 673 456 736 lus
490 671 729 736 ecclesiasticam
770 673 943 754 promiscue
976 672 1115 738 adhiberi

148 769 259 833 solent.
293 769 351 832 Ias
385 769 622 833 ecclesiasticam
656 769 753 834 diuidi
787 770 867 833 solet
890 771 921 832 in
944 767 1115 848 publicam,

149 868 304 948 quatenus
327 867 462 948 respicit·
475 867 633 949 publicum
661 868 780 930 statum
803 868 835 930 et
858 867 993 950 regimen
1018 868 1117 931 totins

146 953 319 1039 Ecclesiam
344 967 375 1028 et
392 966 564 1044 priuatam,
588 965 740 1046 quatenus
756 964 793 1028 de
809 965 895 1028 statu
911 967 942 1028 et
965 965 1114 1048 regimine

145 1061 342 1148 singularum
365 1063 575 1126 membrorum
602 1061 756 1126 Ecclesiae
780 1063 856 1144 agit.
893 1061 1041 1126 Nonnulli
1065 1063 1116 1126 ius

145 1159 202 1223 hoc
218 1162 384 1239 priuatum
406 1161 456 1222 ias
480 1161 662 1222 canonicam
691 1158 807 1224 dicunt.
836 1155 844 1190 ¹

190 1259 244 1319 14.
273 1293 311 1304 -
337 1256 496 1324 ocreatum
521 1255 600 1322 luris
622 1256 772 1324 canonici
798 1259 872 1320 sunt
895 1257 1020 1337 reqrrta
1048 1260 1115 1338 qm·-

150 1355 206 1418 bas
226 1357 292 1418 cita
307 1355 467 1420 Ecclesiae
484 1361 642 1435 tamquam
668 1355 797 1419 societas
825 1355 959 1418 risibilis
978 1359 1110 1436 reqitm,

145 1473 199 1517 seu
212 1455 350 1518 actiones
362 1455 522 1518 hominum
534 1454 765 1535 baptizatorum
776 1457 928 1535 quatenus
937 1455 976 1518 ab
989 1459 1114 1519 externa

144 1555 301 1635 potestate
324 1553 531 1616 ecclesiastica
556 1553 594 1616 ad
616 1553 771 1617 iustitiam
789 1553 988 1618 christianam
1005 1554 1111 1638 dirigi·

148 1651 221 1715 biles
246 1651 395 1714 existunt.

192 1751 244 1812 15.
259 1787 303 1794 —
315 1747 507 1826 Necessitas
524 1747 603 1814 luris
619 1747 695 1816 can.
710 1785 752 1796 -
777 1775 794 1806 «
811 1749 897 1812 Nulli
912 1749 1111 1814 Sacerdotem

145 1847 239 1911 liceat
256 1845 395 1911 Oenones
411 1847 561 1930 ignorare,
577 1866 632 1910 nec
648 1847 816 1928 quidquam
834 1849 941 1922 facere,
958 1848 1039 1929 quod
1057 1848 1113 1911 Pa-

144 1945 230 2008 trum
254 1945 352 2026 possit
375 1945 490 2027 regulis
514 1945 648 2008 obviare.
673 1944 758 2023 Quae
785 1947 866 2008 enim
898 1965 915 2008 a
946 1946 1033 2009 nobis
1063 1965 1112 2010 res

188 2171 195 2202 ¹
218 2171 276 2226 cfr.
295 2172 399 2226 Wernc
419 2172 439 2225 1.
461 2171 505 2238 50,
524 2175 584 2226 not.
599 2172 648 2235 25;
667 2175 696 2226 et
716 2170 857 2240 Cavagnis
877 2172 898 2224 l.
919 2173 961 2235 24,
981 2171 1028 2225 nbi
1047 2191 1111 2240 pru·

144 2263 246 2318 denter
275 2262 395 2316 dicitur:
416 2259 430 2283 “
451 2259 585 2326 Quamvis
604 2261 647 2314 ius
667 2261 892 2316 ecclesiasticum
920 2261 1063 2328 publicum
1082 2266 1113 2315 et

142 2353 287 2420 privatum
306 2351 528 2418 distinguantur,
542 2353 639 2404 tamen
657 2353 723 2403 sunt
741 2349 824 2403 valde
844 2366 972 2404 connexa
1002 2349 1109 2404 etenim

143 2442 186 2496 ius
206 2441 351 2510 privatum
372 2441 506 2509 supponit
525 2439 567 2493 ins
587 2441 747 2509 publicum
770 2457 862 2508 neque
881 2439 957 2494 enim
975 2439 1052 2507 leges
1071 2440 1111 2493 iu·

144 2533 203 2584 stas
223 2530 428 2597 cognoscimus,
448 2529 503 2582 nisi
523 2529 743 2598 competentiam
772 2529 943 2597 legislatoris
972 2530 1047 2581 circa
1066 2546 1110 2581 su·

143 2617 268 2672 biectum
294 2621 323 2671 et
336 2617 479 2672 obiectum
492 2617 643 2684 potestatis
672 2617 883 2685 dignoscamus.
915 2617 988 2670 Hinc
1019 2621 1062 2670 est
1081 2619 1112 2670 et

144 2710 314 2762 tractatores
333 2707 402 2760 iuris
421 2707 537 2776 privati,
558 2725 606 2762 seu
627 2707 764 2771 canonici,
784 2709 866 2775 plura
885 2707 914 2760 in
928 2711 1052 2762 mentem
1070 2723 1111 2760 re·

145 2813 245 2852 vocare
264 2797 431 2865 praesertim
450 2797 484 2851 de
505 2797 631 2852 subiecto
662 2799 814 2866 potestatis
843 2797 1060 2860 ecclesiasticae,
1080 2800 1109 2850 et

144 2885 327 2941 defendentes
343 2887 457 2956 singula
471 2887 565 2956 legum
585 2904 691 2956 genera
705 2888 740 2941 ab
753 2887 1015 2955 impugnationibus
1035 2887 1111 2940 hete-

143 2975 313 3030 rodoxorum
326 2979 376 3030 aut
395 2975 601 3030 neotericorum
615 2993 700 3044 saepe
719 2976 749 3029 in
770 2975 983 3044 quaestionibus
1003 2973 1109 3042 publici

141 3063 210 3118 iuris
231 3065 308 3118 circa
320 3064 541 3131 competentiam
561 3065 704 3118 Ecclesiae
721 3081 769 3118 seu
785 3065 860 3118 circa
872 3063 1013 3118 obiectum
1026 3062 1106 3129 legis·

140 3153 258 3208 lationis
287 3153 412 3221 ingredi;
433 3155 500 3208 hine
519 3157 548 3208 et
566 3172 617 3208 nos
639 3154 669 3208 in
691 3171 723 3208 eo
737 3154 837 3208 melius
857 3153 951 3222 plnres
971 3152 1109 3220 speciales

142 3243 324 3310 quaestiones
344 3241 412 3296 iuris
432 3242 539 3310 publici
558 3238 760 3311 prosequimur.
781 3242 938 3296 Discrimen
954 3245 1051 3294 tamen
1065 3244 1110 3295 est

141 3333 215 3402 quod
234 3332 264 3386 hi
285 3349 335 3400 per
361 3332 500 3397 accidens,
516 3336 545 3386 et
567 3332 636 3385 data
655 3332 810 3395 occasione,
826 3333 896 3385 haec
916 3334 1073 3398 exponunt;
1093 3347 1109 3384 a

140 3427 240 3478 contra
262 3423 293 3476 in
320 3422 380 3476 iure
406 3421 519 3490 publico
539 3439 573 3476 ex
592 3421 720 3490 professo
741 3425 769 3476 et
788 3439 822 3476 ex
841 3421 951 3485 ordine;
980 3420 1045 3474 hinc
1064 3423 1109 3474 eat

139 3513 225 3568 stiam
245 3513 368 3581 priorem
387 3511 569 3580 disciplinam
588 3512 688 3566 melius
702 3513 731 3566 et
744 3510 919 3566 communius
933 3511 989 3563 dici
1009 3511 1051 3563 ins
1065 3527 1109 3563 ca·

138 3601 279 3661 romaum,
297 3617 383 3669 qnam
403 3599 553 3668 privatum,
584 3601 651 3668 quia
681 3601 777 3654 omnia
796 3597 1010 3667 comprehendit
1030 3615 1104 3665 quae

140 3707 247 3748 canone
266 3692 327 3746 lata
346 3695 412 3744 sunt
433 3731 455 3756 „.
