2856 4276
565 213 791 262 Paonasonarn
1118 213 1153 267 55

181 311 416 318 —-..—..-----—.-
782 305 1154 318 -—---—---—--——--—-

578 445 681 508 Dnons
706 443 760 508 Vl.

237 611 311 673 101.
331 647 364 654 -
381 609 431 672 LI.
446 609 547 674 Seauel
557 609 626 674 Deo
638 611 784 686 dicatum,
799 632 860 674 reon
873 615 919 673 est
929 611 972 673 (111
979 631 1053 672 usus
1062 609 1155 674 dome

182 707 414 770 1111111111νὶ11
438 707 699 787 transferendum.
717 745 760 754 —
787 708 822 771 ld
838 711 896 784 est,
922 709 1045 785 altaria,
1073 713 1155 772 cete·

183 825 286 887 raque
312 805 521 870 benedictione
545 806 699 882 eeclesiae,
718 807 765 870 vel
785 808 973 871 auctoritate
998 807 1099 889 Papae
1123 809 1156 869 et

184 905 344 986 Episcopi,
369 904 472 968 divino
486 905 596 978 cultui,
610 905 771 986 causisque
801 905 861 986 piis
885 905 1059 987 specialiter
1076 903 1155 969 ordi-

185 1003 277 1076 nata,
291 1001 331 1064 ad
346 1001 495 1065 laicorum
513 1003 657 1084 profanos
675 1021 749 1066 usus
766 1020 826 1066 non
843 1001 1054 1066 transferenda
1071 1003 1153 1066 sunt.

184 1097 327 1164 —Non
351 1099 436 1163 valet
458 1099 566 1182 regula
590 1099 621 1161 in
653 1117 726 1162 oasu
750 1099 961 1162 necessitatis:
986 1101 1070 1174 tuno,
1095 1116 1155 1162 ser-

185 1198 274 1262 vatis
298 1197 464 1274 servandis,
497 1218 526 1262 v.
550 1217 592 1281 g,
618 1216 692 1261 vasa
715 1217 802 1261 sacra
826 1198 912 1279 prius
942 1198 1098 1262 eontracta
1123 1199 1154 1260 et

184 1298 322 1372 minuta,
349 1295 439 1359 vendi
462 1298 602 1379 possunt.

218 1397 312 1458 102.
330 1395 448 1457 -LlL
472 1395 548 1458 Neo
565 1399 712 1474 praeolat
733 1395 995 1473 tripudiaverunt,
1017 1394 1154 1474 queldo

184 1495 258 1556 aare
270 1514 332 1556 aon
349 1494 481 1555 sortitur
501 1491 650 1570 effectum.
667 1527 711 1536 --
729 1493 756 1553 1.
771 1491 925 1574 Intellige‚
940 1493 1020 1574 quod
1035 1491 1071 1556 de
1089 1492 1154 1555 iure

185 1590 325 1654 invalide
337 1590 455 1654 factum
467 1591 524 1665 est,
537 1607 597 1653 non
614 1589 752 1671 praestat
768 1589 1038 1672 impedimentum
1052 1589 1082 1652 id
1096 1591 1152 1663 est,

184 1707 250 1753 non
274 1687 404 1772 impedit
420 1688 494 1769 quin
512 1687 592 1750 alius
609 1687 697 1750 actus
721 1685 822 1750 valide
843 1687 909 1750 fieri
937 1687 1045 1769 possit.
1063 1685 1111 1750 Sic
1128 1687 1155 1751 si

182 1786 274 1869 prius
291 1785 451 1866 Baptisma
476 1785 536 1848 fuit
561 1783 744 1850 invalidum,
766 1783 866 1846 valide
891 1787 922 1847 et
945 1784 1029 1848 lioite
1047 1785 1153 1848 iterari

182 1885 300 1967 potest.
318 1921 361 1929 -
386 1885 415 1946 2.
439 1883 508 1946 Non
532 1882 617 1946 valet
640 1881 757 1964 regula:
776 1883 802 1944 si
818 1882 854 1946 de
870 1883 935 1946 iure
952 1881 1067 1946 sufficit
1082 1883 1152 1947 sola

182 1981 365 2057 attentatio,
391 1999 479 2062 opere
496 1981 608 2044 secuto.
634 1978 683 2042 Sic
707 1979 852 2044 Sacerdos
877 1999 1053 2062 suspensus,
1067 1982 1155 2045 inva-

182 2079 249 2142 lide
273 2079 445 2152 absolvens,
469 2077 506 2141 fit
529 2077 720 2160 irregularis.

235 2176 309 2240 103.
325 2213 368 2221 -
385 2175 469 2238 Llll.
492 2172 553 2236 Col
570 2174 647 2250 licet,
673 2175 756 2252 quod
770 2179 816 2237 est
836 2175 922 2254 plois,
952 2175 1022 2237 licet
1047 2176 1153 2254 utique

185 2273 271 2353 qood
281 2277 327 2335 est
341 2274 454 2335 minem.
475 2310 508 2317 -
527 2274 555 2334 1.
570 2271 662 2335 Valet
679 2272 710 2334 in
723 2272 842 2335 iuribus
860 2272 1078 2346 subordinatis,
1092 2291 1151 2336 non

186 2388 261 2434 vero
278 2370 310 2433 in
334 2369 508 2452 disparatis,
526 2389 580 2433 seu
596 2369 709 2432 diversi
733 2370 855 2433 ordinis.
873 2369 922 2432 Sic
939 2369 1085 2434 Sacerdos
1101 2388 1153 2451 po

187 2469 253 2532 test
268 2467 397 2532 Missam
419 2468 581 2541 celebrare,
595 2467 647 2530 sed
663 2485 722 2532 non
741 2470 844 2550 potest
860 2467 996 2532 Clericos'
1011 2468 1152 2532 ordinare

186 2565 271 2647 quod
283 2566 331 2628 est
347 2565 459 2628 minus.
473 2602 516 2610 -
530 2565 559 2627 2.
572 2565 595 2626 ll
607 2567 715 2628 contra
728 2567 759 2629 in
772 2585 862 2630 sensu
875 2568 1032 2650 negativo,
1044 2586 1151 2630 verum

186 2681 310 2744 quoque
335 2665 382 2726 est
405 2664 437 2744 (a
454 2663 565 2726 minori
583 2663 623 2726 ad
652 2663 768 2747 maius)
792 2664 890 2745 quod:
915 2666 964 2727 oui
995 2665 1152 2728 nonlicet

186 2761 270 2844 quod
294 2761 341 2825 est
364 2761 477 2837 minus,
501 2761 609 2841 utique
639 2761 796 2825 nonlicet
820 2761 900 2843 quod
924 2765 970 2825 est
994 2764 1105 2826 maius.

235 2860 309 2922 104.
325 2897 365 2904 -
379 2858 459 2922 LlV.
485 2857 547 2937 011
566 2859 656 2938 prior
676 2863 722 2922 est
737 2863 879 2939 temporo,
894 2862 1001 2939 potior
1012 2864 1058 2924 est
1073 2861 1150 2923 iure.

188 2957 333 3022 -Valet
356 2958 419 3032 ubi,
433 2957 541 3021 ceteris
563 2957 699 3039 paribus,
713 2977 769 3040 par
784 2977 876 3021 causa
893 2959 1040 3020 habetur:
1057 2959 1089 3021 in
1105 2958 1152 3039 pi-

185 3057 335 3140 gnoribus
348 3057 379 3119 et
396 3055 466 3120 aliis
489 3055 708 3131 contractibus,
722 3059 779 3120 eto.
796 3056 864 3119 Non
889 3056 972 3119 valet
984 3056 1015 3118 11
1028 3057 1151 3138 privile·

186 3155 256 3238 giis,
282 3155 308 3217 si
331 3153 528 3234 superveniat
550 3153 661 3216 fortior
677 3153 909 3237 privilegiatus:
928 3154 1041 3216 etenim
1060 3179 1076 3210 «
1092 3154 1151 3234 pri-

185 3251 301 3336 vilegia
325 3270 385 3314 non
401 3269 437 3313 ex
449 3251 586 3331 tempore
598 3249 813 3325 aestimantur,
830 3250 882 3314 sed
899 3269 933 3314 ex
950 3269 1052 3314 causa.
1071 3275 1087 3308 »
1108 3277 1151 3298 a·

187 3350 269 3412 Item
292 3349 324 3411 11
347 3347 553 3422 testamentis,
577 3347 708 3429 legibus,
733 3348 873 3424 statutis,
900 3347 1068 3429 posteriora
1100 3367 1152 3429 po-

188 3447 270 3511 tiora
294 3447 368 3510 sunt
390 3444 554 3526 prioribus.

237 3546 309 3606 105.
322 3579 360 3590 -
387 3541 450 3604 LV.
473 3541 534 3620 011
556 3542 651 3604 sentit
666 3561 753 3618 omos,
781 3543 897 3606 seutiae
917 3542 1005 3606 dedet
1026 3562 1152 3606 commo-

188 3642 270 3716 dum,
282 3645 312 3702 et
323 3661 338 3703 e
351 3643 468 3703 contro.
483 3676 523 3684 -
540 3640 569 3701 1.
580 3638 722 3722 lntellige
734 3639 771 3703 de
784 3640 926 3705 oneribus
939 3640 970 3704 et
981 3639 1152 3705 commodis
