2812 4268
285 273 341 328 430
578 275 753 322 abaciacus
777 276 816 322 DE
840 275 964 322 IUDICIIS

287 492 375 560 Sedis
399 493 558 576 Delegabo,
583 493 706 576 quando
730 493 872 558 illiterati
888 494 920 556 et
935 493 1073 574 imperiti
1097 493 1266 574 parochia·
1304 507 1314 530 ⁰

287 590 366 654 lium
390 589 587 653 ecelesiarum
610 591 743 653 rectores
766 589 862 652 sacris
885 590 987 652 minus
1003 589 1070 674 apti
1087 591 1161 653 sunt
1187 589 1266 653 offi-

288 687 354 763 ciis,
379 706 450 751 cum
474 687 683 770 assignatione
707 687 805 768 partis
829 687 987 752 fructuum
1011 707 1066 768 pro
1089 687 1266 751 sufficienti

289 785 416 850 illorum
439 785 544 848 victu:
577 804 691 848 necnon
714 805 733 848 a
757 786 965 867 suspensione,
998 787 1093 866 atque
1116 785 1214 848 etiam
1244 805 1265 849 a

289 883 462 965 privatione
486 883 622 958 illorum,
648 884 700 964 qui
724 884 858 964 turpiter
880 885 912 946 et
935 883 1116 948 scandaloso
1133 884 1264 958 vivunt,

288 983 331 1055 et,
356 982 522 1062 postquam
546 981 731 1061 praemoniti
755 983 838 1054 sunt,
863 981 894 1043 in
918 999 974 1044 sua
991 981 1133 1060 nequitia
1156 981 1266 1044 incor-

233 1119 237 1136 ,
289 1079 426 1162 rigibiles
449 1080 655 1160 perseverant,
678 1079 766 1141 iuxta
782 1078 1006 1159 praescriptum
1022 1078 1159 1141 eiusdem
1176 1077 1266 1143 Ocn-

291 1177 355 1241 cilii
379 1177 409 1240 in
433 1175 539 1240 eadem
567 1177 649 1240 Sese.
673 1179 726 1250 21,
751 1175 787 1238 de
811 1173 961 1254 Reform„
979 1196 1046 1254 cap.
1065 1179 1094 1238 6.

338 1276 434 1338 1832.
477 1311 513 1320 -
536 1275 623 1338 ΧΗΙ.
659 1275 739 1337 lem
763 1293 781 1336 a
805 1273 1008 1336 translatione
1038 1273 1264 1336 beneficiorum

292 1373 491 1454 simplicium,
514 1373 609 1436 etiam
638 1372 910 1452 iurispatronatus,
933 1389 969 1434 cx
993 1371 1149 1446 Ecclesiia
1178 1391 1266 1451 quae

292 1471 449 1536 vetustate
472 1470 522 1532 vel
545 1470 623 1534 alias
654 1470 808 1551 collapsae
840 1470 923 1542 sunt,
948 1469 979 1531 et
1003 1469 1040 1532 ob
1064 1488 1173 1532 earum
1196 1469 1276 1555 ino-g

292 1569 376 1650 piam
400 1569 553 1648 nequeant
576 1567 754 1642 instaurari,
768 1567 886 1630 vocatis
903 1567 951 1642 iis,
968 1584 1103 1647 quorum
1118 1567 1265 1643 interest,

293 1666 324 1728 in
347 1665 493 1728 matrices
516 1665 573 1728 aut
596 1664 675 1728 alias
699 1663 853 1739 ecclesias,
881 1683 952 1726 cum
976 1663 1121 1726 omnibus
1143 1664 1269 1727 emolu-

292 1762 406 1827 mentis
430 1763 461 1824 et
485 1762 644 1826 oneribus:
662 1763 755 1844 prout
770 1762 867 1826 etiam
883 1780 901 1824 a
919 1761 1050 1825 decretis
1077 1763 1269 1844 cogentibus

232 1877 235 1883 ·
292 1859 448 1940 patronos,
472 1861 614 1932 rectores,
639 1859 843 1932 beneficiatos,
869 1861 925 1922 aut
949 1858 1162 1938 parochianos,
1195 1859 1267 1923 sive

292 1957 452 2037 populum,
477 1956 517 2020 ad
540 1957 738 2020 refectionem
769 1957 801 2020 et
824 1957 1084 2020 instaurationem
1120 1957 1266 2021 ecclesia·

294 2073 363 2116 rum
377 2055 610 2136 parochialium,
622 2057 744 2119 servata
753 2055 853 2119 forma
866 2053 951 2118 Sacri
960 2051 1101 2128 Concilii,
1112 2052 1195 2118 Sese.
1205 2057 1264 2128 21,

295 2171 363 2232 cup.
388 2156 418 2214 7.
1129 2136 1131 2148 ¹

344 2251 440 2314 1383.
464 2288 507 2298 -
530 2251 615 2314 XIV.
640 2252 720 2314 lem
744 2271 762 2315 a
785 2251 931 2326 censuris,
960 2251 1206 2332 sequestratione
1231 2253 1267 2315 et

295 2347 506 2412 subtractione
529 2349 697 2424 fructuum,
722 2351 778 2412 aut
801 2349 872 2412 aliis
896 2348 1141 2428 quibuscumque
1157 2349 1267 2429 provi-

253 2525 256 2534 Ι
295 2445 442 2520 sionibus,
468 2465 521 2528 pro
545 2447 690 2529 cogendis
713 2447 753 2510 ad
777 2446 975 2510 residentiam
991 2445 1143 2527 parochis,
1163 2449 1268 2510 caete·

236 2609 238 2611 ,
297 2543 400 2623 risque
424 2543 575 2616 omnibus,
594 2545 704 2624 quibus
720 2563 794 2608 cura
810 2544 982 2608 animarum
996 2543 1160 2629 incumbit,
1173 2537 1266 2608 iuxta

215 2651 219 2660 '
298 2639 463 2704 Decretum
487 2640 624 2704 eiusdem
659 2640 744 2705 Sacri
767 2639 907 2718 Ooncilii,
940 2638 1022 2704 Sese.
1049 2643 1105 2713 23,
1137 2641 1175 2704 de
1198 2639 1267 2704 Rc·

298 2735 400 2815 form,
417 2757 483 2815 cap.
501 2741 531 2800 1.

346 2835 442 2899 1384.
465 2871 510 2882 -—
534 2835 600 2899 XV.
624 2836 739 2900 ltema
763 2836 976 2920 denegatione,
992 2837 1198 2912 revocatione,
1214 2857 1268 2902 su-

297 2932 468 3013 spensione,
496 2933 545 2996 vel
568 2935 760 2998 restrictione
776 2936 808 2998 et
829 2934 1017 2998 limitatione
1032 2933 1196 2998 facultatis
1211 2953 1269 2998 an·

298 3027 402 3092 diendi
424 3029 636 3106 confessiones,
661 3033 802 3112 respectu
818 3049 934 3107 eorum,
951 3031 1004 3112 qui
1021 3030 1199 3113 parochiale
1215 3033 1269 3096 be-

299 3125 441 3192 neficium
466 3145 526 3192 non
549 3127 699 3204 obtinent,
727 3129 823 3192 etiam
839 3129 866 3192 si
882 3129 995 3192 fuerint
1011 3129 1194 3211 Regulares,
1210 3149 1269 3211 pro

299 3223 484 3304 excipiendis
506 3224 748 3288 confessionibus
771 3225 988 3299 saecularium,
1023 3225 1111 3290 iuxta
1145 3226 1269 3291 ordina-

301 3321 418 3384 tionem
442 3321 529 3386 Sacri
551 3319 690 3399 Concilii,
717 3323 800 3388 Sese.
814 3325 869 3398 23,
886 3343 952 3402 cop.
970 3326 1022 3399 15,
1039 3331 1071 3386 et
1087 3323 1269 3388 Praedecas·

301 3436 406 3482 sorum
430 3418 617 3484 Nostrorum
652 3417 908 3497 Constitutiones,
932 3439 968 3484 ac
991 3421 1153 3502 praecipue
1176 3421 1270 3487 illam

302 3514 352 3578 iel.
377 3535 435 3580 rec.
460 3515 628 3582 Clementis
651 3518 690 3594 X,
715 3536 794 3600 quae
816 3519 947 3599 incipit:
974 3520 1129 3601 Superas.

350 3614 445 3678 1385.
470 3651 514 3660 -
537 3614 621 3678 XVI.
645 3615 725 3679 Item
748 3615 780 3678 in
803 3615 866 3679 illis
889 3615 1070 3680 civitatibus
1093 3617 1152 3679 aut
1178 3616 1270 3693 locis,

302 3709 357 3772 ubi
380 3711 429 3774 vel
451 3711 642 3792 parochiales
664 3712 809 3778 ecclesiae
831 3714 930 3776 certos
953 3731 1014 3776 non
1037 3711 1153 3776 habent
1179 3713 1271 3794 lines,
