2750 4270
309 234 363 286 226
586 237 759 285 sanciatus
783 239 822 284 DE
846 239 992 286 PERSONIS

309 418 348 483 ab
371 417 441 480 aliis
464 415 642 492 honoretur,
660 415 712 478 sed
735 434 842 480 cavere
865 415 960 479 etiam
984 415 1096 479 debent
1119 417 1254 480 1111111-
1349 395 1350 406 ἵ

308 516 375 580 dico
400 515 490 578 dente
513 513 717 588 11111111;11
740 515 767 578 si
789 513 954 578 calumniis
978 533 1014 577 ae
1037 514 1160 578 iniustis
1175 515 1254 589 notis,
1345 508 1350 551 ³

308 613 403 678 utin
434 611 523 674 tanta
556 613 731 692 temporum
762 611 901 692 nequitia
929 609 1072 688 11111111
1099 612 1209 694 impeti,
1229 613 1254 676 11
1346 602 1350 627 '

308 712 373 776 eius
396 709 497 772 famae
521 707 652 780 detrahi,
677 711 743 774 eius
771 729 862 792 opera
888 709 1086 774 condemnari
1113 730 1148 774 ac
1168 711 1254 774 11111-
1346 710 1351 777 1

307 811 406 874 111111
425 809 508 890 ipsas
524 808 608 870 mala
631 808 886 890 interpretatione
909 808 1006 890 accipi
1022 809 1166 884 sentiant,
1181 809 1254 890 spiri·

307 907 409 972 tuales
424 906 481 970 filii
504 905 536 970 in
551 907 684 989 gloriam
707 907 861 970 Ecclesiae
883 907 1120 988 animarumque
1135 908 1252 971 salutem

307 1023 412 1070 vocem
445 1004 588 1068 attollere
612 1023 648 1067 ne
676 1004 867 1068 erubescant.
891 1041 934 1050 -
956 1004 1121 1068 Praeterea
1143 1023 1252 1069 venera·

307 1102 400 1166 bilem
423 1100 546 1165 Olenum
572 1101 766 1165 obsecramus
781 1103 818 1165 11
842 1101 1068 1184 episcopalibus
1091 1101 1253 1166 muneribus
1350 1135 1351 1162 1

300 1199 471 1282 implendis
492 1197 590 1262 Nobis
614 1197 793 1262 adiumento
817 1218 881 1264 esse
906 1199 992 1276 velit,
1016 1201 1176 1282 praecipue
1197 1219 1253 1264 ora·
1346 1227 1351 1293 3

307 1297 400 1362 tionis
435 1295 582 1371 subsidio,
616 1297 666 1359 cui
699 1297 822 1372 amoris,
855 1296 1047 1361 obedientiae
1079 1299 1110 1360 et
1139 1297 1253 1362 fiduciae

305 1393 493 1480 praesidium
519 1393 654 1469 accedat,
679 1393 725 1458 ita
748 1396 786 1458 ut
809 1395 895 1459 nulla
920 1396 989 1477 quis
1012 1395 1096 1478 apud
1121 1395 1185 1462 Nos
1206 1396 1254 1460 fal-

305 1493 395 1568 lacia,
412 1491 498 1555 nulla
522 1491 777 1574 tergiversatione
793 1492 850 1555 aut
873 1491 1120 1558 dissimulatione
1136 1493 1254 1568 incedat,

306 1590 359 1655 sed
375 1590 411 1652 de
431 1589 573 1654 omnibus
590 1607 668 1670 quae
684 1589 724 1652 ad
747 1589 863 1652 bonum
887 1591 1064 1654 animarum
1083 1591 1256 1666 conducunt,

306 1687 433 1753 candide
456 1707 491 1752 ac
514 1685 643 1750 fidenter
666 1687 811 1752 certiores
834 1687 898 1752 Nos
922 1688 1032 1753 reddat
1048 1716 1079 1752 1.

351 1787 426 1849 651.
451 1823 495 1831 ——
528 1787 720 1850 Residentia.
752 1823 795 1832 -
826 1785 851 1850 1.
883 1786 1053 1870 Episcopus
1084 1789 1205 1852 terretur
1230 1788 1257 1852 in

305 1884 428 1966 propria
452 1883 583 1947 dioecesi
612 1882 754 1959 residere,
779 1885 811 1948 et
840 1883 981 1948 levamen
1005 1904 1066 1949 non
1093 1886 1186 1950 datur
1207 1886 1258 1950 nisi

304 1980 345 2046 ad
368 1980 445 2045 duos
471 1981 519 2044 vel
542 1981 603 2044 tres
627 1999 746 2044 menses
769 1981 801 2044 in
825 2000 904 2045 anno
927 1981 991 2046 sive
1014 1983 1187 2055 continuos,
1203 1983 1259 2048 1111

305 2097 376 2155 111,
400 2079 514 2160 absque
545 2078 648 2161 gregis
676 2078 871 2155 detrimento,
896 2080 928 2142 et
954 2081 1041 2144 entra
1068 2081 1258 2145 1111111111-

305 2176 468 2242 11111111.
1049 2219 1052 2229 ι

350 2273 426 2336 652.
443 2310 486 2318 -
512 2273 551 2336 11.
577 2273 673 2336 Hinc:
699 2271 731 2338 Si
747 2273 816 2354 quis
832 2291 850 2336 a
867 2273 1074 2339 Patriarehali
1091 2277 1140 2340 111
1156 2276 1256 2358 prima·

303 2371 383 2447 tiali,
400 2371 652 2452 metropolitana,
670 2373 726 2434 aut
742 2369 914 2435 cathedrali
930 2373 1057 2437 ecclesia
1074 2391 1255 2455 quocumque

304 2467 410 2544 titulo,
434 2486 537 2543 causa,
567 2469 690 2532 nomine
721 2487 774 2532 seu
806 2469 872 2532 iure
904 2470 963 2533 sibi
990 2472 1162 2547 commissa,
1190 2487 1254 2551 qua·

304 2582 435 2644 cumque
450 2563 503 2627 ille
520 2565 684 2647 dignitate,
701 2565 811 2649 gradu,
825 2567 856 2630 et
872 2568 1112 2647 praeeminentia
1136 2565 1255 2650 praeful·

303 2663 386 2746 goat,
403 2663 554 2746 legitimis
577 2664 815 2745 impedimentis,
833 2683 886 2728 seu
910 2665 1002 2730 iustis
1025 2667 1128 2730 causis
1150 2683 1254 2730 cessan-

303 2760 387 2824 tibus
410 2779 465 2823 sen
494 2761 652 2825 mensibus
683 2763 840 2826 continuis
870 2766 961 2826 cntra
990 2784 1081 2827 suam
1107 2762 1253 2826 dioecesim

303 2857 453 2920 morando
476 2855 622 2936 abfuerit,
640 2863 771 2938 quartae
782 2860 889 2938 partis
904 2859 1063 2939 fructuum
1079 2863 1172 2925 unius
1185 2858 1255 2923 anm'
1348 2908 1353 2921 .

303 2953 440 3033 fabricae
463 2953 682 3032 ecclesianam
700 2956 894 3036 pauperibus
918 2957 976 3020 loci
994 2979 1053 3037 per
1070 2958 1253 3040 Superiorem
1349 3010 1353 3039 ³

302 3052 560 3132 applicandorum
584 3073 719 3132 poenam
750 3055 817 3133 ipso
848 3055 916 3118 inre
943 3055 1096 3119 incurrat.
1121 3053 1205 3135 Quod
1232 3050 1254 3114 11
1349 3076 1353 3085 ·

303 3168 356 3231 per
377 3149 458 3213 alios
480 3169 536 3212 sca
558 3170 677 3214 menses
701 3151 733 3214 in
761 3151 938 3216 huiusmodi
962 3153 1103 3217 absentia
1129 3166 1254 3236 persere

303 3248 427 3330 1111111,
460 3247 557 3312 aliam
592 3251 737 3329 quartam
772 3251 893 3332 partem
927 3251 1087 3314 fructuum
1122 3249 1255 3314 similiter
1351 3273 1352 3278 ¹

303 3345 519 3427 applicandam
550 3365 585 3410 eo
610 3347 676 3428 ipso
707 3348 846 3412 amittat.
876 3345 1037 3412 Crescente
1068 3370 1137 3412 acro
1159 3349 1254 3411 contu·
1346 3358 1352 3373 ¹

302 3443 466 3520 mactant
489 3445 632 3509 severiori
656 3464 814 3510 sacrorum
838 3465 990 3510 canonum
1013 3465 1157 3510 censurae
1172 3441 1254 3508 subii·
1351 3475 1352 3516 3

302 3539 413 3616 cietur,
427 3539 692 3620 Metropolitanus
703 3541 922 3624 suffrapancos
934 3543 1103 3624 Episcopus
1114 3543 1252 3614 absentes,
1350 3535 1351 3541 '

302 3637 584 3716 Metropolitanum
600 3660 670 3704 uero
685 3641 843 3746 absentem
858 3641 1080 3723 suffrupaneus
1092 3641 1253 3722 Episcopus
1351 3671 1352 3693 2
