2856 4276
417 1016 911 1098 PROLOGUS

560 1186 649 1198 Mdv-a
657 1187 768 1197 ³1qu

223 1366 287 1431 Snb
310 1367 460 1445 auspiciis
474 1365 700 1430 Immocaiatae
718 1367 859 1446 Viryinis
874 1367 1005 1430 Mariae
1020 1367 1142 1431 Matris

108 1462 119 1540 i
172 1468 208 1529 et
219 1465 400 1544 Macistrae
412 1469 538 1527 nostrae
549 1463 850 1544 snperdntcissimaa
864 1463 1073 1528 Connnnnmn
1090 1467 1141 1530 In·

100 1570 118 1661 (ᾖ
173 1580 226 1626 als
243 1559 391 1624 Onnonlol
407 1581 440 1624 eo
455 1561 518 1641 tine
535 1563 674 1638 eocaraci,
687 1566 723 1624 nt
733 1561 943 1625 sacerdotibus
953 1564 1142 1640 praesertim

110 1664 127 1744 ζ
172 1658 305 1738 facilior
319 1657 379 1736 fiat
392 1658 538 1738 treqnens
555 1658 729 1721 recordatio
742 1659 975 1738 priminianum
989 1659 1143 1739 inrisprn

84 1727 123 1894 ἃ)
170 1756 299 1819 dentiae
323 1753 554 1828 ecclesiasticae,
579 1754 764 1834 fideliorque
782 1755 817 1818 in
841 1755 963 1818 clericis
980 1755 1143 1820 tectoribus

169 1853 353 1921 observant'
338 1873 372 1914 m
394 1873 555 1916 sacrornm
578 1873 751 1925 cononnm;
767 1854 814 1915 ita
837 1857 872 1916 nt
904 1852 1025 1934 sinenti
1051 1855 1141 1917 insta

99 1944 119 2015 b
165 1951 334 2032 propriam
358 1951 566 2014 conditionem
596 1951 707 2014 merito
738 1970 892 2058 nsnrpare
915 1953 1042 2030 possint
1068 1950 1142 2016 baec

168 2047 267 2112 verba
290 2047 461 2110 iuramenti
475 2047 515 2110 ab
531 2046 698 2127 Episcopis
722 2047 847 2110 emissi:
875 2047 1012 2127 «Eoo...
1037 2047 1114 2126 ficiet
1084 2050 1141 2111 eis

169 2151 204 2210 et
226 2146 369 2210 obediens
385 2165 437 2208 ero
453 2145 555 2208 Beato
580 2144 644 2209 Pet
632 2149 679 2208 tro
696 2144 847 2224 Apostoto
871 2144 967 2208 Sonct
956 2151 1063 2224 tocqne
1079 2145 1142 2209 Ito

170 2264 285 2307 manac
304 2243 474 2318 Ecclesiae,
492 2247 522 2306 et
536 2243 675 2306 Domino
692 2246 798 2306 nostro
813 2241 952 2307 Donn'no
967 2243 1012 2305 N.
1029 2243 1141 2323 Papae

170 2341 219 2405 N
235 2343 360 2421 snisqne
375 2340 605 2404 snccessoribns
621 2341 789 2404 canonicae
807 2341 857 2403 int
845 2340 1033 2402 trontibns...
1050 2341 1140 2417 Inna,

172 2440 314 2514 iconores,
333 2437 516 2520 prioiteyia,
538 2439 799 2501 etauctoritatem
822 2437 955 2502 Sanciae
978 2438 1142 2502 Romanae

97 2517 144 2646 Q
172 2535 344 2609 Ecclesiae,
369 2535 502 2599 Domini
517 2556 576 2598 nos
579 2533 806 2614 trietPanae,
824 2555 1033 2598 soccessornm
1051 2556 1142 2614 prae-

81 2597 142 2721 Χ
172 2635 337 2710 dictornm,
370 2653 561 2706 conservare,
593 2631 808 2710 defhndereet
830 2635 997 2713 anyereet
1019 2652 1142 2712 promo

107 2743 152 2804 x
172 2751 243 2794 cere
266 2729 413 2793 cnrabo„
445 2728 587 2810 Reontas
618 2729 715 2792 Sonct
704 2734 804 2792 tornm
827 2729 976 2802 Patrnm,
1009 2729 1139 2804 decreta

108 2833 145 2901 Χ
175 2827 390 2891 ordinationes
423 2847 477 2889 sen
515 2826 740 2905 dispositiones,
773 2847 896 2889 reserva
900 2827 1006 2900 tiones,
1038 2830 1141 2905 proni-

172 2926 330 2988 sioncset
317 2924 502 2987 tmandota
523 2923 749 3002 apostoticam
732 2925 791 2987 otis
751 2925 940 2987 inicians
964 2925 1138 3001 observabo,

173 3021 340 3102 etfaciam
362 3021 402 3085 ab
426 3021 501 3084 abiis
516 3021 701 3084 observari»
736 3021 849 3103 (Pont.
829 3022 1056 3105 caenon
1010 3023 1056 3085 Et
1073 3022 1140 3086 otia

175 3119 315 3183 Patrnm
336 3117 427 3184 Cone.
445 3117 542 3183 Pron.
560 3118 731 3200 Bnrdioat.
744 3140 797 3182 an,
815 3123 920 3183 18:50:
940 3121 1043 3183 «Nos
1056 3121 1140 3200 Apo

174 3217 302 3281 stolicae
325 3217 424 3294 Sedis,
441 3238 505 3280 non
522 3221 643 3279 tontnm
666 3217 818 3280 mandata
840 3223 1017 3297 receptnros
1044 3217 1141 3280 teremi-

177 3314 249 3379 titer
271 3319 302 3378 et
324 3299 418 3396 qnam
440 3313 679 3396 ditiaentissime
701 3318 893 3387 enccntnros,
918 3335 1024 3377 oeream
1048 3316 1140 3378 etiam

173 3414 310 3490 monitis,
334 3413 475 3476 consitiis
499 3415 529 3475 et
551 3412 629 3474 cotis
642 3412 695 3491 pie
718 3411 981 3492 obtemperatores
1005 3434 1069 3476 esse
1092 3413 1140 3476 ae-

174 3509 331 3574 claramns
353 3531 390 3574 ac
414 3510 600 3590 spondemus
624 3528 654 3570 s.

248 3608 358 3672 Omnia
374 3609 431 3673 sub
447 3608 634 3672 correctione
651 3606 781 3680 Sanctae
798 3608 957 3671 Romanae
976 3607 1139 3672 Ecclesiae.
