2818 4276
319 226 369 282 160
447 227 621 276 TRACTATUS
644 227 684 274 DE
708 226 899 275 uluuuueulr
921 224 1154 273 IURISDICTIONIS

315 428 414 493 statui
434 428 544 508 aequit
564 428 648 492 circu
671 428 861 509 Leputorum
884 423 1059 506 facultates.
1080 459 1120 472 -—
1147 424 1208 492 efr.
1225 422 1272 489 So·

315 526 391 612 glis,
415 525 540 603 Devoti,
565 523 598 590 Ο.
622 524 755 590 Ferrari.
782 519 803 588 ¹.

317 801 399 856 modo
419 818 485 869 ergo
506 795 640 854 affirmari
660 802 762 868 potest,
787 799 926 854 Nuntium
946 799 1152 868 Apostolicnm,
1184 799 1220 854 ad
1246 815 1277 853 ea

316 892 428 944 tanturn
447 887 564 956 negotia
583 887 716 951 curanda,
736 903 809 955 quae
831 886 891 941 iure
919 887 1031 955 publico
1061 887 1121 942 sive
1152 887 1274 956 gentium

317 977 505 1042 continentur,
525 977 585 1030 sins
603 975 663 1029 ulla
682 975 852 1030 auctoritate
871 975 944 1030 circa
964 993 998 1030 ea
1014 992 1088 1044 quae
1103 975 1276 1046 Religionem

317 1067 403 1121 stiam
423 1066 579 1134 attingunt,
598 1065 760 1119 missionem
780 1065 945 1133 suscipere?
964 1093 997 1101 --
1018 1065 1077 1120 Nec
1097 1065 1202 1120 minori
1220 1081 1278 1118 cen·

317 1173 383 1210 sura
402 1155 519 1224 dignum
542 1153 653 1209 videtur
679 1154 754 1222 quod
781 1154 906 1209 eiusdem
934 1154 1132 1222 Ephemeridis
1163 1155 1277 1224 scriptor

317 1245 426 1306 asserit,
446 1243 586 1298 Nuntium
606 1243 714 1297 scilicet
732 1243 935 1312 Apostolicuru,
955 1245 1008 1298 ha'c
1035 1245 1099 1312 ipsa
1126 1244 1164 1298 ds
1198 1261 1278 1298 cansa

317 1335 392 1404 quod
412 1326 501 1388 adea
519 1333 715 1388 tantummodo
735 1333 859 1396 negotia,
883 1351 955 1401 qnae
975 1337 1041 1388 sunt
1064 1333 1134 1388 iuris
1166 1333 1279 1402 publici,

318 1424 442 1478 curanda
461 1423 582 1491 Legatns
602 1421 733 1486 mittitur,
754 1423 891 1490 quasdam
911 1423 1095 1487 conditiones,
1116 1441 1189 1491 qnas
1210 1424 1279 1478 dete·

316 1515 429 1568 stabiles
447 1511 563 1580 quidam
582 1511 764 1576 arbitrantur,
784 1511 873 1564 bonas
892 1511 1084 1576 nihilominus,
1105 1516 1155 1567 aut
1180 1513 1278 1565 saltem
1370 1573 1371 1578 η

317 1602 473 1658 tolerabiles
492 1600 600 1654 edicere
620 1616 709 1667 posse.
724 1599 801 1664 Quae
814 1599 928 1668 quidem
942 1601 1060 1654 assertio
1075 1599 1099 1654 si
1113 1617 1184 1654 vera
1200 1607 1281 1658 esset,

318 1691 418 1746 exinde
438 1689 574 1758 prefecto,
594 1691 670 1758 quod
688 1689 830 1743 Ecclesiae
850 1689 1049 1758 Religionique
1068 1705 1169 1757 reapse
1191 1689 1279 1758 perni-

318 1781 423 1836 ciosum
443 1783 494 1843 est,
514 1780 543 1832 id
560 1780 664 1834 bonum
678 1796 711 1832 ac
724 1779 872 1834 tolerabile
886 1779 912 1833 S.
928 1779 1028 1834 Sedem
1042 1779 1187 1834 declarare
1200 1795 1280 1846 posse

318 1873 550 1939 consequeretur:
571 1873 636 1924 acta
654 1869 730 1924 enim
749 1869 858 1931 Nuntii,
885 1885 957 1937 quae
976 1870 1090 1938 virgula
1108 1870 1235 1924 censoria
1262 1885 1280 1921 a

319 1961 346 2015 S.
367 1961 437 2014 Sede
456 1962 557 2013 notata
576 1977 632 2014 nou
661 1963 726 2012 sunt
754 1975 806 2012 nec
833 1959 992 2026 reprobata,
1020 1963 1171 2027 tamquam
1199 1957 1278 2012 huius

319 2053 384 2104 acta
402 2049 500 2102 haberi
518 2049 578 2102 inre
598 2051 729 2116 possunt:
750 2048 820 2101 haec
838 2048 926 2116 igitur
945 2048 1063 2103 assertio
1082 2065 1213 2116 supremo
1233 2047 1277 2100 Ec·

320 2139 423 2194 clesiae
443 2137 536 2206 Capiti
556 2137 703 2191 minimum
722 2137 857 2192 iniuriosa
875 2141 927 2202 est,
946 2137 1065 2206 ideoque
1093 2137 1208 2192 omnino
1236 2153 1277 2190 re·

322 2227 474 2296 probanda.
494 2253 528 2261 -
548 2225 691 2280 Postremo
720 2242 772 2278 nec
800 2224 914 2279 veritati
943 2242 1096 2280 consonum
1126 2229 1178 2290 est,
1207 2224 1277 2293 quod

319 2318 394 2370 idem
413 2315 607 2384 Ephemeridis
627 2315 748 2384 scriptor
766 2311 897 2379 affirmat,
917 2316 1057 2370 Nuntium
1070 2315 1211 2380 videlicet,
1225 2332 1279 2384 quc

321 2405 413 2460 minus
433 2405 582 2460 veritatem
601 2405 711 2472 prodat,
730 2404 869 2458 iustitiam
890 2408 1007 2462 asserat,
1035 2405 1165 2460 humanis
1195 2405 1279 2458 ralio-

321 2495 402 2548 nibus
423 2494 596 2562 praepediri;
617 2494 770 2562 llpiscopos
791 2512 855 2548 vero
874 2494 973 2549 maiori
1003 2495 1136 2549 libertate
1166 2494 1280 2562 pollere.

322 2581 427 2636 Nuntio
447 2581 552 2649 quippe
571 2581 742 2650 Apostolico,
763 2583 861 2650 utqui
881 2581 1018 2650 Principis
1038 2579 1151 2635 nemini'
1162 2581 1280 2636 subiecti

321 2673 411 2726 vicem
431 2671 513 2739 uerit,
533 2689 550 2724 a
569 2671 646 2724 civili
664 2671 826 2735 Domiuatu,
845 2688 931 2740 penes
951 2688 1035 2740 quern
1054 2670 1155 2740 Legati
1166 2687 1282 2726 munere

321 2761 415 2829 iungit
417 2778 457 2828 nr,
478 2761 713 2828 quemadmodum
733 2761 804 2814 nihil
824 2762 992 2828 sperandum
1006 2760 1142 2828 suppetit,
1156 2759 1199 2815 ita
1213 2759 1281 2813 nihil

321 2855 396 2906 estt
352 2850 578 2914 ttimendum„
597 2845 651 2917 (Ex
670 2849 786 2917 Ephem.
806 2849 925 2905 ActaS.
947 2850 1034 2915 Sedis,
1056 2850 1111 2904 vol.
1132 2851 1173 2914 17,
1188 2868 1214 2918 p.
1230 2849 1279 2902 561

293 2964 295 2969 ,
321 2944 350 2996 et
369 2938 513 3008 seqqf)
533 2939 628 2992 Nom:
648 2939 702 2992 Ret
690 2939 824 2993 tractatio
852 2941 887 2992 A.
917 2940 1039 3000 articuli,
1058 2940 1104 2994 hic
1129 2939 1280 3008 improbati

320 3028 381 3098 (qui
401 3048 457 3084 non
477 3046 511 3083 ex
530 3029 642 3082 malitia
660 3027 776 3093 erravit)
797 3032 825 3082 et
844 3028 958 3082 humilis
977 3029 1114 3083 subiectio
1128 3029 1281 3083 Directoris

322 3119 410 3174 Diarii
428 3119 458 3172 in
478 3135 533 3186 quo
552 3118 627 3173 idern
646 3117 781 3186 scriptum
802 3117 944 3185 publicam
964 3118 1056 3172 luceru
1075 3116 1156 3175 vidit,
1170 3133 1204 3172 ea
1218 3116 1279 3180 fuit,

322 3227 394 3278 quae
413 3209 447 3262 de
466 3207 649 3276 scriptoribus
669 3207 782 3262 aliunde
801 3207 1019 3277 religiosissimis
1049 3209 1078 3262 et
1103 3205 1279 3274 peritissimis

322 3298 443 3366 spectari
463 3298 580 3352 debeat:
601 3301 629 3351 et
648 3296 749 3352 merito
769 3297 921 3350 laudantur
940 3313 986 3364 ap.
1005 3295 1156 3351 Pallottini
1173 3295 1279 3352 Ootlrct.

321 3391 438 3446 conclus.
459 3398 485 3445 ct
503 3391 581 3445 resol.
602 3389 630 3444 S.
653 3387 680 3442 0.
705 3387 743 3454 0.,
763 3389 819 3444 vol.
840 3390 881 3454 14,
901 3407 927 3457 p.
947 3389 1009 3443 379.

343 3476 377 3543 ,¹
397 3479 519 3533 Nuntius
541 3477 716 3534 Matritensis
735 3478 888 3534 facultates
908 3479 1043 3548 plurimas
1062 3477 1209 3547 impertire
1233 3495 1277 3546 po·

321 3572 387 3632 test,
408 3586 525 3636 quarum
545 3584 677 3622 numerus
697 3571 725 3622 et
747 3571 816 3622 taxa
842 3568 983 3623 habentur
1009 3568 1039 3622 in
1067 3567 1209 3636 periodico
1237 3566 1279 3620 Lo

325 3656 406 3721 Orus,
427 3658 459 3710 19
479 3657 550 3724 Aug.
572 3656 649 3710 1871.
