<?xml version="1.0" encoding="UTF-8"?>
<!DOCTYPE html PUBLIC "-//W3C//DTD XHTML 1.0 Transitional//EN"
    "http://www.w3.org/TR/xhtml1/DTD/xhtml1-transitional.dtd">
<html xmlns="http://www.w3.org/1999/xhtml" xml:lang="en" lang="en">
 <head>
  <title>
</title>
<meta http-equiv="Content-Type" content="text/html;charset=utf-8" />
  <meta name='ocr-system' content='tesseract 3.04.00' />
  <meta name='ocr-capabilities' content='ocr_page ocr_carea ocr_par ocr_line ocrx_word'/>
</head>
<body>
  <div class='ocr_page' id='page_1' title='image "./compendiumiuris00tutgoog_0238.png"; bbox 0 0 2750 4270; ppageno 0'>
   <div class='ocr_carea' id='block_1_1' title="bbox 448 232 1106 287">
    <p class='ocr_par' dir='ltr' id='par_1_1' title="bbox 448 232 1106 287">
     <span class='ocr_line' id='line_1_1' title="bbox 448 232 1106 287; baseline 0.012 -8"><span class='ocrx_word' id='word_1_1' title='bbox 448 232 513 280; x_wconf 79' lang='lat' dir='ltr'>CAP.</span> <span class='ocrx_word' id='word_1_2' title='bbox 538 233 559 279; x_wconf 90' lang='lat'>1.</span> <span class='ocrx_word' id='word_1_3' title='bbox 584 233 623 279; x_wconf 86' lang='lat' dir='ltr'>DE</span> <span class='ocrx_word' id='word_1_4' title='bbox 647 233 796 280; x_wconf 80' lang='lat' dir='ltr'>EPISGOPIS</span> <span class='ocrx_word' id='word_1_5' title='bbox 1052 234 1106 287; x_wconf 78' lang='grc'>229</span> 
     </span>
    </p>
   </div>
   <div class='ocr_carea' id='block_1_2' title="bbox 133 427 1104 708">
    <p class='ocr_par' dir='ltr' id='par_1_2' title="bbox 133 427 1104 708">
     <span class='ocr_line' id='line_1_2' title="bbox 133 427 1104 512; baseline 0.002 -18"><span class='ocrx_word' id='word_1_6' title='bbox 133 432 252 494; x_wconf 74' lang='lat' dir='ltr'>dimoc.</span> <span class='ocrx_word' id='word_1_7' title='bbox 270 467 313 477; x_wconf 90' lang='lat'>—</span> <span class='ocrx_word' id='word_1_8' title='bbox 329 427 504 509; x_wconf 79' lang='lat' dir='ltr'><em>Episcopus</em></span> <span class='ocrx_word' id='word_1_9' title='bbox 527 449 591 492; x_wconf 78' lang='lat' dir='ltr'>noa</span> <span class='ocrx_word' id='word_1_10' title='bbox 607 433 711 509; x_wconf 85' lang='lat' dir='ltr'>potest</span> <span class='ocrx_word' id='word_1_11' title='bbox 725 430 849 511; x_wconf 80' lang='lat' dir='ltr'>ccipere</span> <span class='ocrx_word' id='word_1_12' title='bbox 872 431 1104 512; x_wconf 76' lang='lat' dir='ltr'>procurationes</span> 
     </span>
     <span class='ocr_line' id='line_1_3' title="bbox 135 526 1104 608; baseline 0 -16"><span class='ocrx_word' id='word_1_13' title='bbox 135 529 175 592; x_wconf 86' lang='lat' dir='ltr'>ab</span> <span class='ocrx_word' id='word_1_14' title='bbox 200 527 345 591; x_wconf 85' lang='lat' dir='ltr'>Ecclesiis</span> <span class='ocrx_word' id='word_1_15' title='bbox 370 545 438 590; x_wconf 91' lang='lat' dir='ltr'>vere</span> <span class='ocrx_word' id='word_1_16' title='bbox 462 527 659 608; x_wconf 89' lang='lat' dir='ltr'>pauperibus,</span> <span class='ocrx_word' id='word_1_17' title='bbox 684 545 782 608; x_wconf 91' lang='lat' dir='ltr'>neque</span> <span class='ocrx_word' id='word_1_18' title='bbox 805 526 844 590; x_wconf 89' lang='lat' dir='ltr'>ab</span> <span class='ocrx_word' id='word_1_19' title='bbox 868 526 1010 592; x_wconf 90' lang='lat' dir='ltr'>Ecclesiis</span> <span class='ocrx_word' id='word_1_20' title='bbox 1031 527 1104 592; x_wconf 86' lang='lat' dir='ltr'>eivi-</span> 
     </span>
     <span class='ocr_line' id='line_1_4' title="bbox 134 624 1103 708; baseline -0.001 -18"><span class='ocrx_word' id='word_1_21' title='bbox 134 627 251 701; x_wconf 87' lang='lat' dir='ltr'>tatum,</span> <span class='ocrx_word' id='word_1_22' title='bbox 276 624 444 706; x_wconf 87' lang='lat' dir='ltr'>inquibus</span> <span class='ocrx_word' id='word_1_23' title='bbox 474 624 539 706; x_wconf 89' lang='lat' dir='ltr'>ipse</span> <span class='ocrx_word' id='word_1_24' title='bbox 570 624 664 688; x_wconf 89' lang='lat' dir='ltr'>habet</span> <span class='ocrx_word' id='word_1_25' title='bbox 687 624 800 700; x_wconf 88' lang='lat' dir='ltr'>sedem,</span> <span class='ocrx_word' id='word_1_26' title='bbox 825 643 923 706; x_wconf 92' lang='lat' dir='ltr'>neque</span> <span class='ocrx_word' id='word_1_27' title='bbox 953 626 1103 708; x_wconf 90' lang='lat' dir='ltr'>plurimas</span> 
     </span>
    </p>
   </div>
   <div class='ocr_carea' id='block_1_3' title="bbox 9 721 1102 806">
    <p class='ocr_par' dir='ltr' id='par_1_3' title="bbox 9 721 1102 806">
     <span class='ocr_line' id='line_1_5' title="bbox 9 721 1102 806; baseline 0.001 -19"><span class='ocrx_word' id='word_1_28' title='bbox 9 801 10 804; x_wconf 8' lang='grc' dir='ltr'><strong>Ἴ</strong></span> <span class='ocrx_word' id='word_1_29' title='bbox 138 723 370 806; x_wconf 81' lang='lat' dir='ltr'><strong>procurationes</strong></span> <span class='ocrx_word' id='word_1_30' title='bbox 400 741 419 785; x_wconf 99' lang='grc'>3</span> <span class='ocrx_word' id='word_1_31' title='bbox 448 721 590 804; x_wconf 88' lang='lat' dir='ltr'>pluribus</span> <span class='ocrx_word' id='word_1_32' title='bbox 622 721 765 786; x_wconf 89' lang='lat' dir='ltr'>Ecclesiis</span> <span class='ocrx_word' id='word_1_33' title='bbox 789 741 850 786; x_wconf 89' lang='lat' dir='ltr'>una</span> <span class='ocrx_word' id='word_1_34' title='bbox 882 723 930 787; x_wconf 92' lang='lat' dir='ltr'>die</span> <span class='ocrx_word' id='word_1_35' title='bbox 954 724 1102 799; x_wconf 86' lang='lat' dir='ltr'>visitatis,</span> 
     </span>
    </p>
   </div>
   <div class='ocr_carea' id='block_1_4' title="bbox 38 819 1105 1590">
    <p class='ocr_par' dir='ltr' id='par_1_4' title="bbox 38 819 1103 1098">
     <span class='ocr_line' id='line_1_6' title="bbox 136 819 1103 904; baseline 0.001 -19"><span class='ocrx_word' id='word_1_36' title='bbox 136 841 233 904; x_wconf 89' lang='lat' dir='ltr'>neque</span> <span class='ocrx_word' id='word_1_37' title='bbox 269 821 309 884; x_wconf 89' lang='lat' dir='ltr'>ab</span> <span class='ocrx_word' id='word_1_38' title='bbox 340 820 483 884; x_wconf 86' lang='lat' dir='ltr'>oratoriis</span> <span class='ocrx_word' id='word_1_39' title='bbox 513 820 656 902; x_wconf 88' lang='lat' dir='ltr'>privatis.</span> <span class='ocrx_word' id='word_1_40' title='bbox 691 819 873 884; x_wconf 81' lang='lat' dir='ltr'>Generatim</span> <span class='ocrx_word' id='word_1_41' title='bbox 907 840 968 885; x_wconf 89' lang='lat' dir='ltr'>uon</span> <span class='ocrx_word' id='word_1_42' title='bbox 999 823 1103 903; x_wconf 87' lang='lat' dir='ltr'>potest</span> 
     </span>
     <span class='ocr_line' id='line_1_7' title="bbox 38 917 1102 1002; baseline 0.001 -20"><span class='ocrx_word' id='word_1_43' title='bbox 38 955 47 965; x_wconf 77' lang='lat'>·</span> <span class='ocrx_word' id='word_1_44' title='bbox 138 919 384 1002; x_wconf 75' lang='lat' dir='ltr'>procurationem</span> <span class='ocrx_word' id='word_1_45' title='bbox 408 919 511 1000; x_wconf 89' lang='lat' dir='ltr'>petere</span> <span class='ocrx_word' id='word_1_46' title='bbox 535 918 561 982; x_wconf 93' lang='lat' dir='ltr'>si</span> <span class='ocrx_word' id='word_1_47' title='bbox 585 918 617 982; x_wconf 91' lang='lat' dir='ltr'>in</span> <span class='ocrx_word' id='word_1_48' title='bbox 640 917 772 982; x_wconf 90' lang='lat' dir='ltr'>dioecesi</span> <span class='ocrx_word' id='word_1_49' title='bbox 795 937 953 1001; x_wconf 86' lang='lat' dir='ltr'>nunquam</span> <span class='ocrx_word' id='word_1_50' title='bbox 977 919 1102 984; x_wconf 86' lang='lat' dir='ltr'>fuerunt</span> 
     </span>
     <span class='ocr_line' id='line_1_8' title="bbox 135 1016 439 1098; baseline -0.013 -16"><span class='ocrx_word' id='word_1_51' title='bbox 135 1017 292 1082; x_wconf 78' lang='lat' dir='ltr'>exhibitae</span> <span class='ocrx_word' id='word_1_52' title='bbox 316 1016 439 1098; x_wconf 74' lang='lat' dir='ltr'>(Tris).</span> 
     </span>
    </p>

    <p class='ocr_par' dir='ltr' id='par_1_5' title="bbox 133 1113 1105 1590">
     <span class='ocr_line' id='line_1_9' title="bbox 183 1113 1101 1196; baseline 0 -18"><span class='ocrx_word' id='word_1_53' title='bbox 183 1116 258 1178; x_wconf 84' lang='lat'><strong>660.</strong></span> <span class='ocrx_word' id='word_1_54' title='bbox 286 1151 324 1160; x_wconf 87' lang='lat'>-</span> <span class='ocrx_word' id='word_1_55' title='bbox 354 1115 491 1196; x_wconf 81' lang='grc'><strong>11333133</strong></span> <span class='ocrx_word' id='word_1_56' title='bbox 516 1115 763 1196; x_wconf 80' lang='lat' dir='ltr'>procurationis.</span> <span class='ocrx_word' id='word_1_57' title='bbox 786 1151 830 1160; x_wconf 91' lang='lat'>—</span> <span class='ocrx_word' id='word_1_58' title='bbox 848 1113 931 1178; x_wconf 87' lang='lat' dir='ltr'>Trid.</span> <span class='ocrx_word' id='word_1_59' title='bbox 947 1135 1022 1178; x_wconf 82' lang='lat' dir='ltr'>sess.</span> <span class='ocrx_word' id='word_1_60' title='bbox 1048 1117 1101 1194; x_wconf 80' lang='lat'>24,</span> 
     </span>
     <span class='ocr_line' id='line_1_10' title="bbox 133 1209 1101 1293; baseline -0.001 -16"><span class='ocrx_word' id='word_1_61' title='bbox 133 1236 161 1277; x_wconf 85' lang='lat' dir='ltr'>c.</span> <span class='ocrx_word' id='word_1_62' title='bbox 186 1214 218 1288; x_wconf 86' lang='lat'>3,</span> <span class='ocrx_word' id='word_1_63' title='bbox 242 1212 280 1276; x_wconf 81' lang='lat' dir='ltr'>de</span> <span class='ocrx_word' id='word_1_64' title='bbox 302 1209 454 1290; x_wconf 70' lang='lat' dir='ltr'>Reform,</span> <span class='ocrx_word' id='word_1_65' title='bbox 478 1211 632 1276; x_wconf 87' lang='lat' dir='ltr'>decrevit:</span> <span class='ocrx_word' id='word_1_66' title='bbox 656 1211 682 1275; x_wconf 93' lang='grc' dir='ltr'>Ι.</span> <span class='ocrx_word' id='word_1_67' title='bbox 707 1211 752 1276; x_wconf 85' lang='grc'>111</span> <span class='ocrx_word' id='word_1_68' title='bbox 767 1211 936 1293; x_wconf 82' lang='lat' dir='ltr'>Episcopus</span> <span class='ocrx_word' id='word_1_69' title='bbox 959 1213 1037 1276; x_wconf 91' lang='lat' dir='ltr'>nibil</span> <span class='ocrx_word' id='word_1_70' title='bbox 1052 1213 1101 1276; x_wconf 90' lang='lat' dir='ltr'>vel</span> 
     </span>
     <span class='ocr_line' id='line_1_11' title="bbox 135 1309 1102 1394; baseline -0.002 -18"><span class='ocrx_word' id='word_1_71' title='bbox 135 1312 246 1394; x_wconf 90' lang='lat' dir='ltr'>sponte</span> <span class='ocrx_word' id='word_1_72' title='bbox 271 1309 412 1374; x_wconf 89' lang='lat' dir='ltr'>oblatum</span> <span class='ocrx_word' id='word_1_73' title='bbox 443 1310 611 1386; x_wconf 86' lang='lat' dir='ltr'>occasione,</span> <span class='ocrx_word' id='word_1_74' title='bbox 643 1328 697 1372; x_wconf 89' lang='lat' dir='ltr'>seu</span> <span class='ocrx_word' id='word_1_75' title='bbox 728 1309 1102 1375; x_wconf 78' lang='grc'><strong>33333113113113111313-</strong></span> 
     </span>
     <span class='ocr_line' id='line_1_12' title="bbox 133 1407 1101 1492; baseline -0.001 -18"><span class='ocrx_word' id='word_1_76' title='bbox 133 1409 397 1492; x_wconf 86' lang='grc'><strong>31331313133131</strong></span> <span class='ocrx_word' id='word_1_77' title='bbox 425 1407 666 1489; x_wconf 83' lang='lat' dir='ltr'>procurationes,</span> <span class='ocrx_word' id='word_1_78' title='bbox 698 1426 777 1488; x_wconf 90' lang='lat' dir='ltr'>quae</span> <span class='ocrx_word' id='word_1_79' title='bbox 800 1407 870 1483; x_wconf 91' lang='lat' dir='ltr'>sibi,</span> <span class='ocrx_word' id='word_1_80' title='bbox 902 1427 1018 1490; x_wconf 90' lang='lat' dir='ltr'>suoque</span> <span class='ocrx_word' id='word_1_81' title='bbox 1049 1409 1101 1473; x_wconf 81' lang='lat' dir='ltr'>he</span> 
     </span>
     <span class='ocr_line' id='line_1_13' title="bbox 135 1505 1105 1590; baseline 0 -20"><span class='ocrx_word' id='word_1_82' title='bbox 135 1509 225 1590; x_wconf 88' lang='lat' dir='ltr'>nesto</span> <span class='ocrx_word' id='word_1_83' title='bbox 247 1505 415 1570; x_wconf 88' lang='lat' dir='ltr'>comitatui</span> <span class='ocrx_word' id='word_1_84' title='bbox 445 1505 620 1589; x_wconf 81' lang='lat' dir='ltr'>frugaliter,</span> <span class='ocrx_word' id='word_1_85' title='bbox 645 1507 677 1569; x_wconf 90' lang='lat' dir='ltr'>et</span> <span class='ocrx_word' id='word_1_86' title='bbox 706 1505 866 1570; x_wconf 88' lang='lat' dir='ltr'>moderate</span> <span class='ocrx_word' id='word_1_87' title='bbox 898 1506 1105 1588; x_wconf 83' lang='lat' dir='ltr'>praestandae</span> 
     </span>
    </p>
   </div>
   <div class='ocr_carea' id='block_1_5' title="bbox 10 1606 218 1670">
    <p class='ocr_par' dir='ltr' id='par_1_6' title="bbox 10 1606 218 1670">
     <span class='ocr_line' id='line_1_14' title="bbox 10 1606 218 1670; baseline 0.01 -4"><span class='ocrx_word' id='word_1_88' title='bbox 10 1661 11 1666; x_wconf 75' lang='grc'>,</span> <span class='ocrx_word' id='word_1_89' title='bbox 132 1606 218 1670; x_wconf 85' lang='lat' dir='ltr'>sunt.</span> 
     </span>
    </p>
   </div>
   <div class='ocr_carea' id='block_1_6' title="bbox 103 1701 1102 2177">
    <p class='ocr_par' dir='ltr' id='par_1_7' title="bbox 131 1701 1102 1980">
     <span class='ocr_line' id='line_1_15' title="bbox 180 1701 1102 1784; baseline 0.001 -18"><span class='ocrx_word' id='word_1_90' title='bbox 180 1703 257 1766; x_wconf 85' lang='grc'><strong>661.</strong></span> <span class='ocrx_word' id='word_1_91' title='bbox 283 1738 325 1748; x_wconf 96' lang='grc'>-</span> <span class='ocrx_word' id='word_1_92' title='bbox 349 1702 390 1764; x_wconf 92' lang='grc' dir='ltr'>ΙΙ.</span> <span class='ocrx_word' id='word_1_93' title='bbox 415 1701 459 1766; x_wconf 85' lang='grc'>111</span> <span class='ocrx_word' id='word_1_94' title='bbox 483 1702 521 1766; x_wconf 89' lang='grc'>113</span> <span class='ocrx_word' id='word_1_95' title='bbox 544 1702 599 1783; x_wconf 88' lang='lat' dir='ltr'>qui</span> <span class='ocrx_word' id='word_1_96' title='bbox 629 1701 808 1776; x_wconf 85' lang='lat' dir='ltr'>visitantur,</span> <span class='ocrx_word' id='word_1_97' title='bbox 834 1702 918 1784; x_wconf 92' lang='lat' dir='ltr'>optio</span> <span class='ocrx_word' id='word_1_98' title='bbox 942 1705 1023 1767; x_wconf 84' lang='lat' dir='ltr'>esset</span> <span class='ocrx_word' id='word_1_99' title='bbox 1045 1705 1102 1767; x_wconf 85' lang='lat' dir='ltr'>aut</span> 
     </span>
     <span class='ocr_line' id='line_1_16' title="bbox 131 1799 1099 1883; baseline -0.001 -18"><span class='ocrx_word' id='word_1_100' title='bbox 131 1800 276 1867; x_wconf 89' lang='lat' dir='ltr'>solvendi</span> <span class='ocrx_word' id='word_1_101' title='bbox 300 1819 368 1864; x_wconf 89' lang='lat' dir='ltr'>eam</span> <span class='ocrx_word' id='word_1_102' title='bbox 392 1799 539 1882; x_wconf 88' lang='lat' dir='ltr'>pecuniae</span> <span class='ocrx_word' id='word_1_103' title='bbox 570 1800 643 1876; x_wconf 84' lang='lat' dir='ltr'>vim,</span> <span class='ocrx_word' id='word_1_104' title='bbox 668 1818 747 1880; x_wconf 89' lang='lat' dir='ltr'>quae</span> <span class='ocrx_word' id='word_1_105' title='bbox 778 1802 851 1864; x_wconf 90' lang='lat' dir='ltr'>ante</span> <span class='ocrx_word' id='word_1_106' title='bbox 875 1800 1034 1883; x_wconf 83' lang='lat' dir='ltr'>Episcopis</span> <span class='ocrx_word' id='word_1_107' title='bbox 1064 1819 1099 1864; x_wconf 89' lang='lat' dir='ltr'>er</span> 
     </span>
     <span class='ocr_line' id='line_1_17' title="bbox 131 1897 1101 1980; baseline -0.001 -16"><span class='ocrx_word' id='word_1_108' title='bbox 131 1901 201 1964; x_wconf 87' lang='lat' dir='ltr'>iure</span> <span class='ocrx_word' id='word_1_109' title='bbox 226 1898 275 1962; x_wconf 86' lang='lat' dir='ltr'>vel</span> <span class='ocrx_word' id='word_1_110' title='bbox 298 1897 517 1962; x_wconf 90' lang='lat' dir='ltr'>consuetudine</span> <span class='ocrx_word' id='word_1_111' title='bbox 548 1897 748 1979; x_wconf 84' lang='lat' dir='ltr'>pendebatur,</span> <span class='ocrx_word' id='word_1_112' title='bbox 780 1900 837 1961; x_wconf 91' lang='lat' dir='ltr'>aut</span> <span class='ocrx_word' id='word_1_113' title='bbox 860 1899 927 1980; x_wconf 89' lang='lat' dir='ltr'>ipsa</span> <span class='ocrx_word' id='word_1_114' title='bbox 952 1899 1101 1964; x_wconf 88' lang='lat' dir='ltr'>victualia</span> 
     </span>
    </p>

    <p class='ocr_par' dir='ltr' id='par_1_8' title="bbox 103 1994 1101 2177">
     <span class='ocr_line' id='line_1_18' title="bbox 103 1994 1101 2080; baseline 0 -19"><span class='ocrx_word' id='word_1_115' title='bbox 103 1999 165 2061; x_wconf 42' lang='lat' dir='ltr'>sin</span> <span class='ocrx_word' id='word_1_116' title='bbox 189 1997 290 2080; x_wconf 89' lang='lat' dir='ltr'>speeie</span> <span class='ocrx_word' id='word_1_117' title='bbox 313 1994 580 2070; x_wconf 88' lang='lat' dir='ltr'>subministrandi,</span> <span class='ocrx_word' id='word_1_118' title='bbox 605 1996 700 2060; x_wconf 85' lang='lat' dir='ltr'>salvis</span> <span class='ocrx_word' id='word_1_119' title='bbox 734 1996 873 2076; x_wconf 88' lang='lat' dir='ltr'>antiquis</span> <span class='ocrx_word' id='word_1_120' title='bbox 896 1998 1101 2077; x_wconf 87' lang='lat' dir='ltr'>pactionibus,</span> 
     </span>
     <span class='ocr_line' id='line_1_19' title="bbox 131 2093 1101 2177; baseline 0.002 -19"><span class='ocrx_word' id='word_1_121' title='bbox 131 2113 215 2177; x_wconf 91' lang='lat' dir='ltr'>quae</span> <span class='ocrx_word' id='word_1_122' title='bbox 239 2113 309 2158; x_wconf 90' lang='lat' dir='ltr'>cum</span> <span class='ocrx_word' id='word_1_123' title='bbox 333 2094 530 2157; x_wconf 87' lang='lat' dir='ltr'>monasteriis</span> <span class='ocrx_word' id='word_1_124' title='bbox 553 2093 662 2158; x_wconf 85' lang='lat' dir='ltr'>aliisve</span> <span class='ocrx_word' id='word_1_125' title='bbox 689 2093 766 2157; x_wconf 91' lang='lat' dir='ltr'>loeis</span> <span class='ocrx_word' id='word_1_126' title='bbox 781 2094 851 2176; x_wconf 92' lang='lat' dir='ltr'>piis,</span> <span class='ocrx_word' id='word_1_127' title='bbox 875 2095 932 2157; x_wconf 89' lang='lat' dir='ltr'>aut</span> <span class='ocrx_word' id='word_1_128' title='bbox 947 2093 1101 2173; x_wconf 88' lang='lat' dir='ltr'>Ecclesiis,</span> 
     </span>
    </p>
   </div>
   <div class='ocr_carea' id='block_1_7' title="bbox 11 2190 735 2274">
    <p class='ocr_par' dir='ltr' id='par_1_9' title="bbox 11 2190 735 2274">
     <span class='ocr_line' id='line_1_20' title="bbox 11 2190 735 2274; baseline -0.004 -17"><span class='ocrx_word' id='word_1_129' title='bbox 11 2221 12 2244; x_wconf 78' lang='lat'><em>2</em></span> <span class='ocrx_word' id='word_1_130' title='bbox 133 2211 196 2257; x_wconf 87' lang='lat' dir='ltr'>non</span> <span class='ocrx_word' id='word_1_131' title='bbox 220 2191 449 2274; x_wconf 85' lang='lat' dir='ltr'>parochialibus</span> <span class='ocrx_word' id='word_1_132' title='bbox 473 2190 569 2254; x_wconf 87' lang='lat' dir='ltr'>initae</span> <span class='ocrx_word' id='word_1_133' title='bbox 592 2191 735 2254; x_wconf 84' lang='lat' dir='ltr'>fuissent.</span> 
     </span>
    </p>
   </div>
   <div class='ocr_carea' id='block_1_8' title="bbox 130 2287 1101 2666">
    <p class='ocr_par' dir='ltr' id='par_1_10' title="bbox 130 2287 1101 2666">
     <span class='ocr_line' id='line_1_21' title="bbox 179 2287 1101 2370; baseline 0.001 -18"><span class='ocrx_word' id='word_1_134' title='bbox 179 2289 257 2352; x_wconf 85' lang='lat'>662.</span> <span class='ocrx_word' id='word_1_135' title='bbox 286 2325 322 2334; x_wconf 87' lang='lat'><em>-</em></span> <span class='ocrx_word' id='word_1_136' title='bbox 349 2288 406 2350; x_wconf 92' lang='lat' dir='ltr'>III.</span> <span class='ocrx_word' id='word_1_137' title='bbox 431 2287 476 2352; x_wconf 87' lang='lat' dir='ltr'>Ut</span> <span class='ocrx_word' id='word_1_138' title='bbox 499 2288 525 2352; x_wconf 93' lang='lat' dir='ltr'>si</span> <span class='ocrx_word' id='word_1_139' title='bbox 556 2288 713 2370; x_wconf 90' lang='lat' dir='ltr'>aliquibus</span> <span class='ocrx_word' id='word_1_140' title='bbox 736 2288 768 2352; x_wconf 91' lang='grc'>111</span> <span class='ocrx_word' id='word_1_141' title='bbox 798 2288 875 2352; x_wconf 86' lang='grc'><strong>13313</strong></span> <span class='ocrx_word' id='word_1_142' title='bbox 906 2289 1101 2354; x_wconf 83' lang='lat' dir='ltr'>visitationes</span> 
     </span>
     <span class='ocr_line' id='line_1_22' title="bbox 131 2387 1099 2471; baseline 0.002 -21"><span class='ocrx_word' id='word_1_143' title='bbox 131 2388 293 2471; x_wconf 84' lang='lat' dir='ltr'>gratuitae</span> <span class='ocrx_word' id='word_1_144' title='bbox 316 2405 381 2450; x_wconf 91' lang='lat' dir='ltr'>esse</span> <span class='ocrx_word' id='word_1_145' title='bbox 397 2387 621 2459; x_wconf 88' lang='lat' dir='ltr'>consueverint,</span> <span class='ocrx_word' id='word_1_146' title='bbox 638 2387 752 2468; x_wconf 89' lang='lat' dir='ltr'>recepti</span> <span class='ocrx_word' id='word_1_147' title='bbox 768 2405 870 2452; x_wconf 89' lang='lat' dir='ltr'>mores</span> <span class='ocrx_word' id='word_1_148' title='bbox 893 2388 1099 2452; x_wconf 82' lang='lat' dir='ltr'>servarentur.</span> 
     </span>
     <span class='ocr_line' id='line_1_23' title="bbox 178 2483 1100 2568; baseline 0.002 -20"><span class='ocrx_word' id='word_1_149' title='bbox 178 2486 256 2548; x_wconf 84' lang='grc'><strong>663.</strong></span> <span class='ocrx_word' id='word_1_150' title='bbox 281 2521 325 2530; x_wconf 87' lang='grc'>-</span> <span class='ocrx_word' id='word_1_151' title='bbox 348 2483 403 2546; x_wconf 90' lang='lat' dir='ltr'>IV.</span> <span class='ocrx_word' id='word_1_152' title='bbox 429 2483 473 2548; x_wconf 91' lang='lat' dir='ltr'>Ut</span> <span class='ocrx_word' id='word_1_153' title='bbox 495 2485 522 2548; x_wconf 93' lang='lat' dir='ltr'>si</span> <span class='ocrx_word' id='word_1_154' title='bbox 545 2484 620 2566; x_wconf 90' lang='lat' dir='ltr'>quid</span> <span class='ocrx_word' id='word_1_155' title='bbox 636 2484 772 2566; x_wconf 90' lang='lat' dir='ltr'>amplius</span> <span class='ocrx_word' id='word_1_156' title='bbox 796 2487 956 2568; x_wconf 87' lang='lat' dir='ltr'>acceptum</span> <span class='ocrx_word' id='word_1_157' title='bbox 981 2485 1100 2563; x_wconf 83' lang='lat' dir='ltr'>brisset,</span> 
     </span>
     <span class='ocr_line' id='line_1_24' title="bbox 130 2582 1099 2666; baseline 0.002 -20"><span class='ocrx_word' id='word_1_158' title='bbox 130 2583 304 2666; x_wconf 80' lang='lat' dir='ltr'>Episcopus</span> <span class='ocrx_word' id='word_1_159' title='bbox 328 2582 411 2645; x_wconf 89' lang='lat' dir='ltr'>intra</span> <span class='ocrx_word' id='word_1_160' title='bbox 434 2600 570 2645; x_wconf 91' lang='lat' dir='ltr'>mensem</span> <span class='ocrx_word' id='word_1_161' title='bbox 594 2583 663 2666; x_wconf 90' lang='lat' dir='ltr'>tum</span> <span class='ocrx_word' id='word_1_162' title='bbox 686 2601 783 2664; x_wconf 89' lang='lat' dir='ltr'>poena</span> <span class='ocrx_word' id='word_1_163' title='bbox 807 2583 893 2666; x_wconf 93' lang='lat' dir='ltr'>dupli</span> <span class='ocrx_word' id='word_1_164' title='bbox 905 2583 1099 2661; x_wconf 89' lang='lat' dir='ltr'>restituendi,</span> 
     </span>
    </p>
   </div>
   <div class='ocr_carea' id='block_1_9' title="bbox 10 2677 1100 2858">
    <p class='ocr_par' dir='ltr' id='par_1_11' title="bbox 10 2677 1100 2872">
     <span class='ocr_line' id='line_1_25' title="bbox 10 2677 1100 2762; baseline 0.003 -20"><span class='ocrx_word' id='word_1_165' title='bbox 10 2719 11 2722; x_wconf 58' lang='lat'><em>=</em></span> <span class='ocrx_word' id='word_1_166' title='bbox 130 2682 202 2744; x_wconf 91' lang='lat' dir='ltr'>tum</span> <span class='ocrx_word' id='word_1_167' title='bbox 228 2680 299 2743; x_wconf 88' lang='lat' dir='ltr'>eliis</span> <span class='ocrx_word' id='word_1_168' title='bbox 323 2679 428 2760; x_wconf 87' lang='lat' dir='ltr'>poenis</span> <span class='ocrx_word' id='word_1_169' title='bbox 452 2679 582 2744; x_wconf 88' lang='lat' dir='ltr'>arbitrio</span> <span class='ocrx_word' id='word_1_170' title='bbox 606 2677 722 2761; x_wconf 83' lang='lat' dir='ltr'>Synodi</span> <span class='ocrx_word' id='word_1_171' title='bbox 745 2681 943 2762; x_wconf 85' lang='lat' dir='ltr'>provincialis</span> <span class='ocrx_word' id='word_1_172' title='bbox 966 2682 1100 2746; x_wconf 90' lang='lat' dir='ltr'>mulcta·</span> 
     </span>
     <span class='ocr_line' id='line_1_26' title="bbox 130 2774 519 2858; baseline -0.002 -19.236"><span class='ocrx_word' id='word_1_173' title='bbox 130 2779 221 2842; x_wconf 84' lang='lat' dir='ltr'>retur</span> <span class='ocrx_word' id='word_1_174' title='bbox 247 2813 285 2840; x_wconf 63' lang='lat'>,-</span> <span class='ocrx_word' id='word_1_175' title='bbox 312 2775 372 2840; x_wconf 79' lang='lat' dir='ltr'>cfr.</span> <span class='ocrx_word' id='word_1_176' title='bbox 402 2774 519 2858; x_wconf 82' lang='lat' dir='ltr'>Seglia.</span> 
     </span>
    </p>
   </div>
   <div class='ocr_carea' id='block_1_10' title="bbox 178 2873 1100 2954">
    <p class='ocr_par' dir='ltr' id='par_1_12' title="bbox 178 2873 1100 2954">
     <span class='ocr_line' id='line_1_27' title="bbox 178 2873 1100 2954; baseline 0.001 -16"><span class='ocrx_word' id='word_1_177' title='bbox 178 2876 257 2938; x_wconf 81' lang='lat'>664.</span> <span class='ocrx_word' id='word_1_178' title='bbox 282 2913 327 2920; x_wconf 94' lang='lat'><em>-</em></span> <span class='ocrx_word' id='word_1_179' title='bbox 349 2873 448 2938; x_wconf 80' lang='lat' dir='ltr'>Noun.</span> <span class='ocrx_word' id='word_1_180' title='bbox 474 2874 497 2936; x_wconf 92' lang='lat' dir='ltr'>l.</span> <span class='ocrx_word' id='word_1_181' title='bbox 515 2873 762 2938; x_wconf 82' lang='lat' dir='ltr'>Procurute&#39;oues</span> <span class='ocrx_word' id='word_1_182' title='bbox 777 2879 881 2938; x_wconf 82' lang='lat' dir='ltr'>cutem</span> <span class='ocrx_word' id='word_1_183' title='bbox 889 2876 1100 2954; x_wconf 81' lang='lat' dir='ltr'>praestandae</span> 
     </span>
    </p>
   </div>
   <div class='ocr_carea' id='block_1_11' title="bbox 9 2971 1099 3153">
    <p class='ocr_par' dir='ltr' id='par_1_13' title="bbox 9 2971 1099 3153">
     <span class='ocr_line' id='line_1_28' title="bbox 9 2971 1098 3056; baseline 0.001 -20"><span class='ocrx_word' id='word_1_184' title='bbox 9 2987 11 3056; x_wconf 69' lang='lat' dir='ltr'><strong>j</strong></span> <span class='ocrx_word' id='word_1_185' title='bbox 129 2978 209 3038; x_wconf 80' lang='lat' dir='ltr'>suut</span> <span class='ocrx_word' id='word_1_186' title='bbox 231 2972 271 3036; x_wconf 85' lang='lat' dir='ltr'>ub</span> <span class='ocrx_word' id='word_1_187' title='bbox 288 2972 430 3036; x_wconf 80' lang='lat' dir='ltr'>omuibus</span> <span class='ocrx_word' id='word_1_188' title='bbox 448 2972 597 3036; x_wconf 79' lang='lat' dir='ltr'>Ecclesiis</span> <span class='ocrx_word' id='word_1_189' title='bbox 613 2971 729 3036; x_wconf 81' lang='lat' dir='ltr'>Sacrae</span> <span class='ocrx_word' id='word_1_190' title='bbox 751 2973 932 3036; x_wconf 81' lang='lat' dir='ltr'>Visitotc&#39;oui</span> <span class='ocrx_word' id='word_1_191' title='bbox 945 2971 1098 3052; x_wconf 75' lang='lat' dir='ltr'>educatis,</span> 
     </span>
     <span class='ocr_line' id='line_1_29' title="bbox 130 3069 1099 3153; baseline -0.004 -13.444"><span class='ocrx_word' id='word_1_192' title='bbox 130 3073 164 3135; x_wconf 93' lang='lat' dir='ltr'>et</span> <span class='ocrx_word' id='word_1_193' title='bbox 189 3091 208 3135; x_wconf 93' lang='lat' dir='ltr'>a</span> <span class='ocrx_word' id='word_1_194' title='bbox 233 3070 358 3135; x_wconf 83' lang='lat' dir='ltr'>Clericis</span> <span class='ocrx_word' id='word_1_195' title='bbox 389 3069 590 3134; x_wconf 87' lang='lat' dir='ltr'>beneficiariis</span> <span class='ocrx_word' id='word_1_196' title='bbox 615 3069 689 3134; x_wconf 92' lang='lat' dir='ltr'>dum</span> <span class='ocrx_word' id='word_1_197' title='bbox 722 3071 900 3147; x_wconf 87' lang='lat' dir='ltr'>visitantur,</span> <span class='ocrx_word' id='word_1_198' title='bbox 925 3071 1016 3152; x_wconf 91' lang='lat' dir='ltr'>idque</span> <span class='ocrx_word' id='word_1_199' title='bbox 1045 3091 1099 3153; x_wconf 91' lang='lat' dir='ltr'>pro</span> 
     </span>
    </p>
   </div>
   <div class='ocr_carea' id='block_1_12' title="bbox 10 3169 1100 3840">
    <p class='ocr_par' dir='ltr' id='par_1_14' title="bbox 10 3165 1100 3742">
     <span class='ocr_line' id='line_1_30' title="bbox 132 3169 1098 3250; baseline 0 -16"><span class='ocrx_word' id='word_1_200' title='bbox 132 3169 225 3234; x_wconf 93' lang='lat' dir='ltr'>modo</span> <span class='ocrx_word' id='word_1_201' title='bbox 248 3169 447 3244; x_wconf 82' lang='lat' dir='ltr'>facultatum,</span> <span class='ocrx_word' id='word_1_202' title='bbox 472 3169 606 3250; x_wconf 84' lang='grc'><strong>3111313</strong></span> <span class='ocrx_word' id='word_1_203' title='bbox 630 3171 753 3250; x_wconf 89' lang='grc'><strong>1333313</strong></span> <span class='ocrx_word' id='word_1_204' title='bbox 777 3169 1015 3245; x_wconf 83' lang='grc'><strong>331333131113;</strong></span> <span class='ocrx_word' id='word_1_205' title='bbox 1040 3187 1098 3234; x_wconf 90' lang='lat' dir='ltr'>nen</span> 
     </span>
     <span class='ocr_line' id='line_1_31' title="bbox 10 3259 1100 3350; baseline 0.001 -21"><span class='ocrx_word' id='word_1_206' title='bbox 10 3259 11 3296; x_wconf 49' lang='grc'><strong>1</strong></span> <span class='ocrx_word' id='word_1_207' title='bbox 131 3267 239 3332; x_wconf 83' lang='lat' dir='ltr'>tamen</span> <span class='ocrx_word' id='word_1_208' title='bbox 263 3285 281 3330; x_wconf 93' lang='lat' dir='ltr'>a</span> <span class='ocrx_word' id='word_1_209' title='bbox 304 3265 392 3330; x_wconf 90' lang='lat' dir='ltr'>laicis</span> <span class='ocrx_word' id='word_1_210' title='bbox 415 3285 513 3347; x_wconf 91' lang='lat' dir='ltr'>neque</span> <span class='ocrx_word' id='word_1_211' title='bbox 536 3267 575 3330; x_wconf 90' lang='lat' dir='ltr'>ab</span> <span class='ocrx_word' id='word_1_212' title='bbox 598 3267 743 3331; x_wconf 90' lang='lat' dir='ltr'>Ecclesiis</span> <span class='ocrx_word' id='word_1_213' title='bbox 766 3267 1022 3349; x_wconf 79' lang='lat' dir='ltr'>vieremptionisr,</span> <span class='ocrx_word' id='word_1_214' title='bbox 1040 3267 1100 3350; x_wconf 89' lang='lat' dir='ltr'>pri·</span> 
     </span>
     <span class='ocr_line' id='line_1_32' title="bbox 12 3359 1099 3450; baseline 0.002 -22"><span class='ocrx_word' id='word_1_215' title='bbox 12 3359 15 3373; x_wconf 82' lang='lat'>&#39;</span> <span class='ocrx_word' id='word_1_216' title='bbox 132 3365 249 3450; x_wconf 84' lang='lat' dir='ltr'>vilegii,</span> <span class='ocrx_word' id='word_1_217' title='bbox 274 3365 324 3428; x_wconf 90' lang='lat' dir='ltr'>vel</span> <span class='ocrx_word' id='word_1_218' title='bbox 347 3364 578 3429; x_wconf 87' lang='lat' dir='ltr'>consuetudinis</span> <span class='ocrx_word' id='word_1_219' title='bbox 602 3366 660 3430; x_wconf 90' lang='lat' dir='ltr'>hoc</span> <span class='ocrx_word' id='word_1_220' title='bbox 693 3384 783 3430; x_wconf 90' lang='lat' dir='ltr'>onere</span> <span class='ocrx_word' id='word_1_221' title='bbox 806 3366 929 3442; x_wconf 86' lang='lat' dir='ltr'>solutis,</span> <span class='ocrx_word' id='word_1_222' title='bbox 965 3385 1020 3430; x_wconf 89' lang='lat' dir='ltr'>nec</span> <span class='ocrx_word' id='word_1_223' title='bbox 1050 3367 1099 3430; x_wconf 91' lang='lat' dir='ltr'>de·</span> 
     </span>
     <span class='ocr_line' id='line_1_33' title="bbox 132 3461 1098 3546; baseline 0.003 -21"><span class='ocrx_word' id='word_1_224' title='bbox 132 3463 223 3546; x_wconf 90' lang='lat' dir='ltr'>nique</span> <span class='ocrx_word' id='word_1_225' title='bbox 247 3464 287 3527; x_wconf 88' lang='lat' dir='ltr'>ab</span> <span class='ocrx_word' id='word_1_226' title='bbox 303 3463 446 3542; x_wconf 88' lang='lat' dir='ltr'>Ecclesiis</span> <span class='ocrx_word' id='word_1_227' title='bbox 459 3461 708 3541; x_wconf 79' lang='lat' dir='ltr'>Cethedralibns,</span> <span class='ocrx_word' id='word_1_228' title='bbox 725 3465 805 3545; x_wconf 92' lang='lat' dir='ltr'>quod</span> <span class='ocrx_word' id='word_1_229' title='bbox 818 3464 988 3546; x_wconf 82' lang='lat' dir='ltr'>Episcopus</span> <span class='ocrx_word' id='word_1_230' title='bbox 1003 3463 1098 3528; x_wconf 92' lang='lat' dir='ltr'>nullis</span> 
     </span>
     <span class='ocr_line' id='line_1_34' title="bbox 131 3561 1099 3643; baseline 0.002 -21"><span class='ocrx_word' id='word_1_231' title='bbox 131 3564 217 3626; x_wconf 85' lang='lat' dir='ltr'>extra</span> <span class='ocrx_word' id='word_1_232' title='bbox 242 3561 381 3626; x_wconf 86' lang='lat' dir='ltr'>ordinem</span> <span class='ocrx_word' id='word_1_233' title='bbox 405 3561 552 3643; x_wconf 88' lang='lat' dir='ltr'>impensis</span> <span class='ocrx_word' id='word_1_234' title='bbox 575 3561 607 3624; x_wconf 94' lang='lat' dir='ltr'>in</span> <span class='ocrx_word' id='word_1_235' title='bbox 627 3581 734 3626; x_wconf 89' lang='lat' dir='ltr'>earum</span> <span class='ocrx_word' id='word_1_236' title='bbox 758 3562 937 3626; x_wconf 90' lang='lat' dir='ltr'>visitatione</span> <span class='ocrx_word' id='word_1_237' title='bbox 953 3563 1099 3626; x_wconf 89' lang='lat' dir='ltr'>oneratur</span> 
     </span>
     <span class='ocr_line' id='line_1_35' title="bbox 133 3656 276 3742; baseline 0.007 -21"><span class='ocrx_word' id='word_1_238' title='bbox 133 3656 276 3742; x_wconf 81' lang='lat' dir='ltr'>(Seglia).</span> 
     </span>
    </p>

    <p class='ocr_par' dir='ltr' id='par_1_15' title="bbox 177 3755 1097 3840">
     <span class='ocr_line' id='line_1_36' title="bbox 177 3755 1097 3840; baseline 0.001 -20"><span class='ocrx_word' id='word_1_239' title='bbox 177 3758 251 3821; x_wconf 84' lang='grc'><strong>665.</strong></span> <span class='ocrx_word' id='word_1_240' title='bbox 277 3795 322 3804; x_wconf 90' lang='grc'>-</span> <span class='ocrx_word' id='word_1_241' title='bbox 344 3755 385 3821; x_wconf 92' lang='lat' dir='ltr'>Il.</span> <span class='ocrx_word' id='word_1_242' title='bbox 410 3755 590 3821; x_wconf 78' lang='lat' dir='ltr'>Cavendum</span> <span class='ocrx_word' id='word_1_243' title='bbox 614 3757 849 3840; x_wconf 79' lang='grc'><strong>3311131333313,</strong></span> <span class='ocrx_word' id='word_1_244' title='bbox 874 3776 910 3820; x_wconf 87' lang='grc'>13</span> <span class='ocrx_word' id='word_1_245' title='bbox 933 3757 1097 3821; x_wconf 90' lang='lat' dir='ltr'>inutilibus</span> 
     </span>
    </p>
   </div>
   <div class='ocr_carea' id='block_1_13' title="bbox 0 0 1380 4270">
    <p class='ocr_par' dir='ltr' id='par_1_16' title="bbox 0 0 1380 4270">
     <span class='ocr_line' id='line_1_37' title="bbox 0 0 1380 4270; baseline 0 2"><span class='ocrx_word' id='word_1_246' title='bbox 0 0 1380 4270; x_wconf 95' lang='lat' dir='ltr'> </span> 
     </span>
    </p>
   </div>
  </div>
 </body>
</html>
