2818 4276
356 270 421 318 cre.
445 271 465 318 1.
491 271 530 316 DE
554 269 682 316 ROMANO
705 269 863 316 Ponslrlcn
1047 266 1096 320 133

121 487 236 530 merus
259 473 401 530 caecator
434 485 586 531 canonum
614 467 664 548 (nt
691 466 847 549 praesules
870 465 901 529 in
925 465 1094 548 Republica

120 569 161 630 et
183 584 273 648 reges
297 563 564 630 constitutioncles
591 565 691 648 dicti),
723 563 776 628 sed
804 581 965 646 supremus
988 563 1095 648 Legis·

120 664 224 738 lator,
249 660 486 740 fundamentum
514 659 686 736 Cononem,
704 679 803 726 rusus
827 679 889 726 nux
913 679 1034 725 Russus
1058 679 1095 726 ΕΤ

120 775 327 824 censensus.
426 748 428 757 '

173 857 251 920 403.
266 893 310 904 -
323 859 372 922 lus
386 857 603 938 dispensanti.
619 893 659 903 -
677 854 775 920 Ouios
788 861 834 919 est
846 854 942 936 tepem
954 855 1093 932 condere,

122 955 197 1019 ciere
213 957 260 1018 est
275 953 363 1018 citios
384 953 604 1034 oblipatiooem
620 955 786 1017 remittere.
809 953 891 1038 Ergo
909 953 999 1020 Rom.
1018 954 1094 1018 Pon·

120 1053 205 1116 tifex
232 1053 337 1133 potest
370 1051 544 1134 dispensare
578 1071 670 1133 super
704 1052 846 1116 omnibus
880 1051 1096 1116 ecclesiasticis

121 1150 262 1232 legibus.

174 1249 254 1312 404.
271 1285 313 1294 -
331 1249 381 1314 lus
399 1247 557 1314 iudicandi
579 1249 743 1330 praetores
767 1265 885 1314 causas
910 1247 1093 1315 ecclesiast.

121 1345 276 1410 —Unde
291 1347 436 1429 graviora
453 1347 578 1428 negotia
603 1365 722 1428 semper
744 1345 849 1411 referri
872 1347 1094 1410 consueverunt

122 1443 297 1508 adsedem
314 1443 537 1524 Apostolicam.
558 1469 574 1501 ‹<
587 1443 619 1508 Si
636 1445 767 1508 maiores
783 1463 894 1509 causae
909 1445 940 1508 in
957 1443 1092 1508 medium

122 1541 246 1604 inierint
259 1539 433 1618 devolutae,
450 1539 489 1604 ad
506 1539 614 1605 Sedem
630 1541 842 1623 apostolicam,
856 1543 937 1605 sicut
953 1539 1095 1624 Synodus

122 1639 246 1702 statuit
269 1639 300 1700 et
323 1637 414 1701 beata
437 1639 626 1702 consuetudo
644 1639 749 1721 exigit,
766 1640 836 1721 post
859 1639 1007 1702 iudicium
1031 1637 1093 1720 epi·

122 1737 255 1819 scopale
276 1735 448 1802 referantur
460 1761 477 1794 ›>
508 1737 626 1816 (lunoc.
644 1737 668 1811 l,
685 1737 773 1818 epist.
792 1739 810 1799 2
828 1736 867 1800 od
890 1735 1018 1800 Victrie.
1035 1735 1094 1800 Ro·

126 1835 322 1918 thomagen.‚
339 1853 364 1895 o.
383 1834 427 1914 3).
453 1834 519 1898 lmo
543 1833 719 1897 Bonilacius
741 1833 756 1897 1
775 1835 877 1918 (epist.
904 1835 959 1918 15)
983 1833 1098 1898 statuit

119 1933 289 2016 graviores
312 1949 422 1994 causas
457 1931 576 2006 statim,
601 1933 761 2014 primoque
784 1932 898 1996 iudicio
922 1932 962 1996 ad
985 1931 1095 1998 Sedem

122 2029 342 2113 Apostolicam
366 2047 430 2093 esse
454 2028 631 2093 deferendos
654 2029 729 2110 (Cir.
754 2030 891 2114 Devoti).

175 2127 254 2190 405.
279 2163 322 2172 -
348 2128 397 2192 lus
422 2127 616 2209 approbanti
642 2127 775 2193 ordines
802 2129 985 2210 Repulares.
1010 2165 1053 2176 -
1069 2128 1094 2192 1.

130 2251 148 2284 «
166 2225 304 2289 Maiores
327 2242 448 2297 causae,
477 2243 556 2305 quae
585 2225 718 2288 salutem
750 2223 925 2289 animarum
950 2227 1094 2309 tangunt,

124 2323 280 2388 reservari
305 2323 403 2386 solent
435 2321 506 2387 Sedi
530 2321 735 2404 spostolicae.
769 2321 964 2406 Religionum
989 2325 1094 2386 autem

121 2419 313 2502 approbatio
337 2419 375 2482 ad
400 2420 530 2483 maiores
562 2437 671 2482 causas
694 2419 844 2502 pertinet:
869 2420 1096 2502 quietemque

123 2518 247 2598 absque
270 2517 492 2598 approbatione
508 2517 686 2600 Religiones
702 2535 798 2597 neque
822 2518 1020 2581 securitatem
1045 2517 1096 2582 lra-

123 2616 248 2688 berent‚
274 2631 370 2694 neque
397 2613 650 2677 immobilitatem
664 2639 681 2672 o
702 2615 856 2700 (Sylvius)
874 2653 916 2662 —
934 2615 974 2679 ll.
1003 2641 1020 2674 «
1037 2615 1096 2699 Ap

127 2713 275 2796 probatio
292 2711 367 2776 adeo
384 2711 554 2776 necessaria
567 2712 675 2776 habita
690 2714 747 2788 est,
761 2714 798 2776 ut
813 2714 877 2777 sine
894 2733 929 2778 ea
945 2733 999 2778 nec
1016 2713 1096 2778 Reli·

124 2812 249 2894 giones,
266 2811 321 2872 neo
336 2811 408 2873 vota
424 2809 573 2873 solemnia
601 2810 771 2873 consistant
784 2833 801 2867 »
821 2810 967 2893 (Soglla).
982 2847 1025 2856 -—
1038 2810 1095 2873 ΙΙΙ.

127 2910 164 2972 ln
191 2906 283 2972 Oonc.
308 2906 377 2970 Lat.
403 2907 448 2970 IV
471 2913 503 2970 et
526 2906 625 2990 Lugd.
640 2907 670 2970 lI
686 2907 842 2970 decretum
868 2907 937 2984 luit,
963 2925 999 2970 ne
1016 2907 1097 2971 deln-

8 2993 9 3058 3
123 3025 201 3089 ceps
224 3005 290 3069 sine
312 3003 509 3086 Apostolicae
533 3006 621 3069 Sedis
645 3005 866 3088 approbatione
889 3023 987 3068 novus
1014 3003 1096 3068 Ordo

124 3104 357 3168 institueretur.
372 3139 413 3148 --
429 3101 483 3166 lV.
500 3103 554 3166 lus
570 3103 760 3184 approbandi
776 3101 951 3186 Religiones
975 3119 1031 3165 non
1049 3103 1097 3166 est

124 3201 302 3286 positivum
327 3204 462 3277 tantum,
487 3201 540 3266 sed
559 3205 723 3282 proprium
747 3203 837 3266 Rom.
855 3199 1024 3265 Pontificis.

6 3291 8 3320 ⁵
176 3301 253 3363 406.
273 3335 311 3345 —
332 3301 382 3365 lua
401 3300 601 3366 beatificandi
621 3302 651 3365 el
669 3301 888 3366 canonizaret.
905 3337 942 3346 -
963 3299 986 3362 l.
1004 3297 1098 3362 liano

6 3387 9 3420 ³
122 3399 243 3464 nitatio
280 3417 437 3478 nunquam
474 3398 563 3462 licuit
598 3399 773 3480 Episcopis;
807 3398 1001 3462 Beatlficatio
1026 3413 1098 3460 vero

119 3497 236 3580 primis
252 3495 407 3560 Ecclesiae
423 3495 554 3560 saeculis
578 3496 617 3560 ab
641 3497 703 3560 illis
724 3495 849 3560 tiebat...
868 3495 946 3560 Cum
964 3495 1097 3560 Sanctus

6 3601 9 3646 l
122 3595 330 3659 canonizatus
354 3596 545 3676 proponatur
560 3593 599 3657 ab
616 3593 757 3658 omnibus
777 3593 919 3657 fidelibus
942 3589 1098 3667 colendus,

124 3712 217 3756 nemo
232 3691 299 3756 aiei
315 3689 468 3770 Pontifex
478 3693 582 3771 potest
597 3692 729 3756 Sanaos
753 3692 940 3755 canonicare
947 3711 958 3766 ,·
981 3689 1099 3754 accedit
