2750 4270
286 192 340 244 264
567 194 741 242 TRAGTATUS
766 197 804 242 DE
828 196 975 243 PERSONIS

287 393 400 473 offerre
423 399 453 457 et
474 393 643 476 applicare.
668 395 739 458 Vid.
764 394 869 460 Coust.
894 395 1007 460 Beued.
1047 394 1125 460 Cum
1150 417 1245 476 saper.

287 491 363 554 Pius
387 491 432 554 IX
456 492 551 556 dixit:
580 518 597 551 ‹
613 493 825 569 Declaramus,
850 495 1022 558 statuimus
1046 496 1139 575 atque
1155 494 1247 558 decer-

287 589 401 664 nimus,
426 590 577 672 parochos
593 591 730 673 aliosque
747 609 853 654 omnes
868 593 1045 655 animarum
1062 611 1165 656 curam
1180 594 1248 656 actu

288 689 429 772 gerentes
454 692 683 753 sacrosanctum
709 691 821 753 missae
844 689 1030 753 sacrificium
1053 709 1109 772 pro
1139 691 1248 772 populo

287 785 346 848 sibi
364 787 529 851 commisso
546 787 699 851 celebrare
715 788 747 851 et
763 787 918 869 applicare
941 787 1060 864 debere,
1075 791 1141 852 turn
1159 787 1250 852 oruui·

286 883 344 947 bus
367 885 536 950 Dominicis
552 885 682 966 aliisque
702 884 819 962 diebus,
833 885 887 966 qui
907 905 942 949 er
968 889 1130 969 praecepto
1153 886 1250 950 adhuc

287 983 459 1056 servantur,
485 983 553 1046 tum
576 983 639 1046 illis
663 984 758 1047 etiam
791 983 844 1063 qni
874 1001 910 1046 ex
940 984 1034 1046 huius
1056 983 1249 1066 Apostolicae

287 1075 373 1141 Sedis
397 1078 592 1163 indulgentia
616 1101 651 1144 ex
668 1081 786 1144 dierum
804 1081 840 1143 de
857 1082 1017 1162 praecepto
1034 1079 1180 1146 festorum
1195 1100 1249 1144 nu-

287 1195 371 1240 mero
405 1178 522 1241 sublati
555 1197 591 1241 ac
625 1179 771 1242 translati
796 1179 879 1253 sunt,
904 1178 1162 1259 quemadmodum
1191 1178 1250 1260 ipsi
1353 1179 1354 1186 ’

288 1273 462 1338 animarum
495 1277 663 1362 curatores
685 1275 848 1350 debebant,
881 1275 955 1338 dum
991 1277 1161 1340 memorata
1189 1275 1251 1340 Ur·

287 1370 359 1435 bani
383 1371 473 1447 11111.ι
495 1374 686 1438 constitutio
709 1374 741 1436 in
764 1374 853 1454 pleno
887 1391 943 1437 suo
974 1374 1084 1438 robore
1117 1373 1249 1457 vigebat,

286 1469 453 1549 antequam
478 1471 580 1534 festivi
604 1471 640 1534 de
665 1472 826 1552 praecepto
849 1470 914 1534 dies
938 1471 1192 1534 imminuerentur
1220 1475 1250 1534 et

285 1566 535 1630 transferrentur.
560 1605 604 1613 ——
627 1567 716 1648 Quod
740 1586 811 1632 vero
836 1568 951 1632 attinet
974 1567 1014 1630 ad
1037 1569 1134 1632 festos
1149 1570 1247 1632 trans-

284 1663 368 1727 latos
391 1663 456 1728 dies
480 1665 511 1728 id
534 1686 630 1730 unum
654 1667 831 1748 excipimus,
856 1667 893 1728 ut
917 1665 1033 1728 scilicet
1050 1665 1173 1746 quaudo
1189 1685 1248 1729 uua

285 1778 354 1822 cum
381 1762 578 1828 solemnitate
602 1763 741 1827 divinum
773 1763 908 1826 officium
939 1761 1130 1825 translatum
1159 1763 1248 1826 fuerit

285 1856 317 1920 in
333 1857 532 1923 Dominicum
556 1860 647 1937 diem,
668 1880 730 1924 una
753 1862 878 1924 tantum
896 1861 990 1923 missa
1006 1878 1061 1942 pro
1079 1861 1193 1941 populo
1209 1860 1249 1924 sit

283 1976 302 2020 a
334 1959 476 2040 parochis
507 1959 707 2042 applicanda3
746 1957 993 2040 quandoquidem
1028 1957 1135 2034 missa,
1174 1976 1247 2039 quae

283 2057 448 2138 praecipua
471 2057 568 2122 divini
592 2058 686 2122 officii
708 2076 780 2140 pars
804 2057 861 2132 est,
885 2075 947 2120 una
972 2056 1066 2119 simul
1085 2075 1157 2119 cum
1185 2057 1247 2138 ipso

284 2153 386 2218 officio
404 2155 557 2219 translata
574 2155 745 2220 existimari
761 2153 883 2218 debet»
911 2154 999 2236 (Pius
1011 2153 1066 2229 lX,
1081 2155 1115 2219 O.
1130 2155 1245 2216 Amun-

285 2250 409 2328 tissime,
435 2253 454 2315 3
479 2252 557 2316 Maii
582 2253 692 2337 1858).

332 2349 405 2412 778.
433 2387 456 2396 —-
499 2352 538 2414 ll.
563 2351 687 2416 Pueros
710 2351 863 2430 rudesque
879 2369 1035 2429 personas
1058 2347 1247 2412 christianae

284 2445 360 2524 ddcc'
387 2447 575 2524 rudimenta,
611 2469 647 2512 ac
681 2451 762 2510 citae
792 2452 959 2528 praecepto
990 2445 1122 2521 edocere,
1157 2448 1245 2527 atque

283 2541 391 2607 diebus
415 2545 511 2608 etiam
535 2546 715 2621 Dominicis,
740 2545 887 2626 festisque
916 2543 1151 2608 solemnioribus
1180 2561 1246 2606 cou-
1341 2595 1344 2602 .

282 2639 403 2704 cionem
426 2642 466 2706 ad
490 2643 638 2724 populum
663 2643 785 2718 habere,
810 2642 897 2724 eique
921 2640 1083 2722 explanare
1108 2658 1187 2720 quae
1210 2637 1246 2702 ad

283 2738 443 2802 aeternam
466 2741 600 2804 salutem
625 2740 794 2804 necessaria
818 2740 901 2814 sunt,
919 2757 954 2802 eo
979 2740 1084 2800 tamen
1101 2735 1246 2800 orationis

225 2837 228 2853 ¹
283 2853 404 2917 genere,
429 2837 509 2920 quod
532 2839 575 2902 sit
597 2837 855 2922 adaudientium
878 2839 1004 2918 captum
1029 2836 1124 2916 atque
1140 2833 1246 2898 intelli-

283 2935 422 3016 gentiam
458 2935 737 3000 accommodatum.
774 2935 823 2998 Sic
856 2935 938 2998 enim
973 2934 1128 3016 praecepit
1155 2931 1244 3004 Trid,

282 3048 357 3094 sess.
384 3033 413 3107 5,
431 3051 496 3114 cap.
515 3035 545 3107 2,
572 3032 610 3096 de
634 3031 884 3111 Reformate'oac:
916 3029 1141 3111 «Quicumque
1164 3045 1246 3110 paro·

283 3128 399 3194 chiales
422 3131 471 3194 vel
493 3132 571 3196 alias
595 3149 701 3194 curam
725 3131 900 3194 animarum
924 3129 1072 3192 habentes
1101 3127 1245 3191 Ecclesiae

283 3245 476 3310 quocumque
499 3229 591 3294 modo
616 3229 767 3305 obtinent,
791 3247 844 3310 per
867 3246 899 3291 se
916 3227 964 3291 vel
981 3227 1060 3290 alios
1076 3226 1210 3300 idoneos,
1222 3221 1245 3286 si

284 3323 423 3407 legitime
446 3326 588 3408 impediti
608 3327 733 3401 fuerint,
757 3325 864 3390 diebus
889 3326 1001 3388 saltem
1025 3324 1196 3399 dominicis,
1214 3321 1241 3385 et

281 3422 371 3486 festis
394 3423 592 3500 solemnibus,
617 3424 720 3506 plebes
751 3423 809 3488 sibi
840 3423 1021 3487 commissas
1052 3441 1107 3504 pro
1130 3441 1185 3486 sua
1216 3419 1243 3484 et

282 3537 390 3583 earum
413 3521 586 3602 capacitate
609 3521 737 3603 pascant
761 3521 952 3584 salutaribus
977 3521 1088 3596 verbis,
1113 3517 1241 3584 docendo

280 3633 319 3678 ea
343 3635 422 3697 quae
445 3617 522 3681 scire
547 3617 688 3682 omnibus
720 3617 926 3682 necessarium
958 3618 1005 3682 est
1035 3617 1076 3681 ad
1106 3618 1242 3688 salutem,
