<?xml version="1.0" encoding="UTF-8"?>
<!DOCTYPE html PUBLIC "-//W3C//DTD XHTML 1.0 Transitional//EN"
    "http://www.w3.org/TR/xhtml1/DTD/xhtml1-transitional.dtd">
<html xmlns="http://www.w3.org/1999/xhtml" xml:lang="en" lang="en">
 <head>
  <title>
</title>
<meta http-equiv="Content-Type" content="text/html;charset=utf-8" />
  <meta name='ocr-system' content='tesseract 3.04.00' />
  <meta name='ocr-capabilities' content='ocr_page ocr_carea ocr_par ocr_line ocrx_word'/>
</head>
<body>
  <div class='ocr_page' id='page_1' title='image "./compendiumiuris00tutgoog_0387.png"; bbox 0 0 2812 4268; ppageno 0'>
   <div class='ocr_carea' id='block_1_1' title="bbox 301 243 1021 316">
    <p class='ocr_par' dir='ltr' id='par_1_1' title="bbox 301 243 1021 316">
     <span class='ocr_line' id='line_1_1' title="bbox 301 243 1021 316; baseline -0.004 -7"><span class='ocrx_word' id='word_1_1' title='bbox 301 261 353 316; x_wconf 76' lang='lat'>378</span> <span class='ocrx_word' id='word_1_2' title='bbox 601 243 775 309; x_wconf 77' lang='lat' dir='ltr'>rmmlrus</span> <span class='ocrx_word' id='word_1_3' title='bbox 798 259 838 306; x_wconf 87' lang='lat' dir='ltr'>nu</span> <span class='ocrx_word' id='word_1_4' title='bbox 861 259 960 307; x_wconf 85' lang='lat' dir='ltr'>nunus</span> <span class='ocrx_word' id='word_1_5' title='bbox 1017 267 1021 272; x_wconf 95' lang='lat'>·</span> 
     </span>
    </p>
   </div>
   <div class='ocr_carea' id='block_1_2' title="bbox 299 458 1275 1616">
    <p class='ocr_par' dir='ltr' id='par_1_2' title="bbox 299 458 1275 1113">
     <span class='ocr_line' id='line_1_2' title="bbox 301 458 1275 544; baseline -0.004 -17"><span class='ocrx_word' id='word_1_6' title='bbox 301 463 361 540; x_wconf 88' lang='lat' dir='ltr'>vel,</span> <span class='ocrx_word' id='word_1_7' title='bbox 384 462 467 544; x_wconf 86' lang='lat' dir='ltr'>quod</span> <span class='ocrx_word' id='word_1_8' title='bbox 501 461 709 525; x_wconf 75' lang='lat' dir='ltr'>damnabilius</span> <span class='ocrx_word' id='word_1_9' title='bbox 732 460 960 542; x_wconf 88' lang='lat' dir='ltr'>quodammodo</span> <span class='ocrx_word' id='word_1_10' title='bbox 983 461 1041 536; x_wconf 91' lang='lat' dir='ltr'>est,</span> <span class='ocrx_word' id='word_1_11' title='bbox 1065 458 1218 523; x_wconf 79' lang='lat' dir='ltr'>indirecte</span> <span class='ocrx_word' id='word_1_12' title='bbox 1241 462 1275 523; x_wconf 88' lang='lat' dir='ltr'>et</span> 
     </span>
     <span class='ocr_line' id='line_1_3' title="bbox 299 559 1273 644; baseline -0.004 -20"><span class='ocrx_word' id='word_1_13' title='bbox 299 580 352 644; x_wconf 90' lang='lat' dir='ltr'>per</span> <span class='ocrx_word' id='word_1_14' title='bbox 375 559 535 642; x_wconf 86' lang='lat' dir='ltr'>obliquum</span> <span class='ocrx_word' id='word_1_15' title='bbox 558 559 739 624; x_wconf 88' lang='lat' dir='ltr'>violentiam</span> <span class='ocrx_word' id='word_1_16' title='bbox 755 559 919 632; x_wconf 69' lang='lat' dir='ltr'>inferrent:</span> <span class='ocrx_word' id='word_1_17' title='bbox 938 577 991 622; x_wconf 90' lang='lat' dir='ltr'>nec</span> <span class='ocrx_word' id='word_1_18' title='bbox 1007 577 1060 622; x_wconf 89' lang='lat' dir='ltr'>eos</span> <span class='ocrx_word' id='word_1_19' title='bbox 1076 559 1273 632; x_wconf 81' lang='lat' dir='ltr'>excusarent,</span> 
     </span>
     <span class='ocr_line' id='line_1_4' title="bbox 300 656 1274 740; baseline -0.003 -17"><span class='ocrx_word' id='word_1_20' title='bbox 300 660 362 723; x_wconf 93' lang='lat' dir='ltr'>imo</span> <span class='ocrx_word' id='word_1_21' title='bbox 387 657 514 722; x_wconf 86' lang='lat' dir='ltr'>moralis</span> <span class='ocrx_word' id='word_1_22' title='bbox 537 657 702 722; x_wconf 87' lang='lat' dir='ltr'>violentiae</span> <span class='ocrx_word' id='word_1_23' title='bbox 729 658 851 720; x_wconf 89' lang='lat' dir='ltr'>reatum</span> <span class='ocrx_word' id='word_1_24' title='bbox 882 658 1102 740; x_wconf 79' lang='lat' dir='ltr'>aggravarent,</span> <span class='ocrx_word' id='word_1_25' title='bbox 1133 656 1274 720; x_wconf 89' lang='lat' dir='ltr'>rationes</span> 
     </span>
     <span class='ocr_line' id='line_1_5' title="bbox 301 751 1271 838; baseline -0.003 -19"><span class='ocrx_word' id='word_1_26' title='bbox 301 773 379 838; x_wconf 88' lang='lat' dir='ltr'>quae</span> <span class='ocrx_word' id='word_1_27' title='bbox 411 753 556 818; x_wconf 91' lang='lat' dir='ltr'>dicontur</span> <span class='ocrx_word' id='word_1_28' title='bbox 583 751 730 834; x_wconf 83' lang='lat' dir='ltr'>politicae</span> <span class='ocrx_word' id='word_1_29' title='bbox 761 753 810 818; x_wconf 82' lang='lat' dir='ltr'>vel</span> <span class='ocrx_word' id='word_1_30' title='bbox 837 751 967 817; x_wconf 84' lang='lat' dir='ltr'>Status:</span> <span class='ocrx_word' id='word_1_31' title='bbox 990 754 1023 816; x_wconf 89' lang='lat' dir='ltr'>et</span> <span class='ocrx_word' id='word_1_32' title='bbox 1045 753 1271 837; x_wconf 88' lang='lat' dir='ltr'>gravissimum</span> 
     </span>
     <span class='ocr_line' id='line_1_6' title="bbox 301 850 1271 934; baseline -0.003 -17"><span class='ocrx_word' id='word_1_33' title='bbox 301 853 503 934; x_wconf 82' lang='lat' dir='ltr'>undequaque</span> <span class='ocrx_word' id='word_1_34' title='bbox 526 851 688 915; x_wconf 91' lang='lat' dir='ltr'>dicendum</span> <span class='ocrx_word' id='word_1_35' title='bbox 711 852 792 916; x_wconf 89' lang='lat' dir='ltr'>esset</span> <span class='ocrx_word' id='word_1_36' title='bbox 803 850 918 914; x_wconf 80' lang='lat' dir='ltr'>crimen</span> <span class='ocrx_word' id='word_1_37' title='bbox 934 851 1126 925; x_wconf 90' lang='lat' dir='ltr'>clericorum,</span> <span class='ocrx_word' id='word_1_38' title='bbox 1143 851 1200 932; x_wconf 92' lang='lat' dir='ltr'>qui</span> <span class='ocrx_word' id='word_1_39' title='bbox 1216 868 1271 932; x_wconf 90' lang='lat' dir='ltr'>pro</span> 
     </span>
     <span class='ocr_line' id='line_1_7' title="bbox 299 949 1273 1016; baseline -0.003 -2"><span class='ocrx_word' id='word_1_40' title='bbox 299 950 444 1014; x_wconf 89' lang='lat' dir='ltr'>beneficio</span> <span class='ocrx_word' id='word_1_41' title='bbox 469 949 633 1016; x_wconf 88' lang='lat' dir='ltr'>obtinendo</span> <span class='ocrx_word' id='word_1_42' title='bbox 656 949 696 1014; x_wconf 93' lang='lat' dir='ltr'>ad</span> <span class='ocrx_word' id='word_1_43' title='bbox 709 949 898 1014; x_wconf 79' lang='lat' dir='ltr'>huiusmodi</span> <span class='ocrx_word' id='word_1_44' title='bbox 921 949 1155 1014; x_wconf 78' lang='lat' dir='ltr'>intercessiones</span> <span class='ocrx_word' id='word_1_45' title='bbox 1168 957 1273 1014; x_wconf 79' lang='lat' dir='ltr'>recur-</span> 
     </span>
     <span class='ocr_line' id='line_1_8' title="bbox 301 1051 412 1113; baseline -0.018 -1"><span class='ocrx_word' id='word_1_46' title='bbox 301 1051 412 1113; x_wconf 79' lang='lat' dir='ltr'>serent.</span> 
     </span>
    </p>

    <p class='ocr_par' dir='ltr' id='par_1_3' title="bbox 300 1143 1272 1616">
     <span class='ocr_line' id='line_1_9' title="bbox 348 1143 1271 1226; baseline -0.002 -16"><span class='ocrx_word' id='word_1_47' title='bbox 348 1147 444 1210; x_wconf 86' lang='grc'><strong>1128.</strong></span> <span class='ocrx_word' id='word_1_48' title='bbox 470 1183 512 1192; x_wconf 96' lang='grc'>-</span> <span class='ocrx_word' id='word_1_49' title='bbox 536 1145 575 1208; x_wconf 85' lang='lat' dir='ltr'>V.</span> <span class='ocrx_word' id='word_1_50' title='bbox 600 1145 798 1210; x_wconf 87' lang='lat' dir='ltr'>Meminerint</span> <span class='ocrx_word' id='word_1_51' title='bbox 820 1163 925 1209; x_wconf 88' lang='lat' dir='ltr'>omnes</span> <span class='ocrx_word' id='word_1_52' title='bbox 947 1144 1066 1208; x_wconf 90' lang='lat' dir='ltr'>clericis</span> <span class='ocrx_word' id='word_1_53' title='bbox 1100 1143 1271 1226; x_wconf 89' lang='lat' dir='ltr'>protectio·</span> 
     </span>
     <span class='ocr_line' id='line_1_10' title="bbox 300 1243 1271 1326; baseline -0.001 -19"><span class='ocrx_word' id='word_1_54' title='bbox 300 1263 370 1308; x_wconf 90' lang='lat' dir='ltr'>nem</span> <span class='ocrx_word' id='word_1_55' title='bbox 393 1245 613 1326; x_wconf 77' lang='lat' dir='ltr'>potentatuum</span> <span class='ocrx_word' id='word_1_56' title='bbox 638 1244 831 1325; x_wconf 78' lang='lat' dir='ltr'>quaerentes,</span> <span class='ocrx_word' id='word_1_57' title='bbox 856 1261 1023 1324; x_wconf 89' lang='lat' dir='ltr'>eorumque</span> <span class='ocrx_word' id='word_1_58' title='bbox 1057 1243 1171 1306; x_wconf 91' lang='lat' dir='ltr'>iniusti</span> <span class='ocrx_word' id='word_1_59' title='bbox 1205 1262 1271 1324; x_wconf 84' lang='lat' dir='ltr'>pro</span> 
     </span>
     <span class='ocr_line' id='line_1_11' title="bbox 300 1341 1271 1418; baseline -0.001 -12"><span class='ocrx_word' id='word_1_60' title='bbox 300 1341 442 1416; x_wconf 84' lang='lat' dir='ltr'>tectores,</span> <span class='ocrx_word' id='word_1_61' title='bbox 467 1341 778 1406; x_wconf 84' lang='lat' dir='ltr'>excommunicationi</span> <span class='ocrx_word' id='word_1_62' title='bbox 801 1341 886 1405; x_wconf 90' lang='lat' dir='ltr'>latae</span> <span class='ocrx_word' id='word_1_63' title='bbox 909 1341 1090 1418; x_wconf 85' lang='lat' dir='ltr'>sententiae,</span> <span class='ocrx_word' id='word_1_64' title='bbox 1130 1342 1271 1405; x_wconf 83' lang='lat' dir='ltr'>ltomano</span> 
     </span>
     <span class='ocr_line' id='line_1_12' title="bbox 301 1437 1272 1515; baseline -0.002 -13"><span class='ocrx_word' id='word_1_65' title='bbox 301 1439 443 1504; x_wconf 88' lang='lat' dir='ltr'>Pontifici</span> <span class='ocrx_word' id='word_1_66' title='bbox 467 1441 651 1515; x_wconf 85' lang='lat' dir='ltr'>reservatae,</span> <span class='ocrx_word' id='word_1_67' title='bbox 676 1440 849 1503; x_wconf 88' lang='lat' dir='ltr'>subiacere:</span> <span class='ocrx_word' id='word_1_68' title='bbox 874 1438 958 1502; x_wconf 85' lang='lat' dir='ltr'>Reos</span> <span class='ocrx_word' id='word_1_69' title='bbox 988 1439 1139 1502; x_wconf 83' lang='lat' dir='ltr'>simoniae</span> <span class='ocrx_word' id='word_1_70' title='bbox 1172 1437 1272 1501; x_wconf 83' lang='lat' dir='ltr'>realis</span> 
     </span>
     <span class='ocr_line' id='line_1_13' title="bbox 300 1534 1269 1616; baseline -0.001 -16"><span class='ocrx_word' id='word_1_71' title='bbox 300 1538 335 1600; x_wconf 87' lang='lat' dir='ltr'>iu</span> <span class='ocrx_word' id='word_1_72' title='bbox 358 1535 515 1616; x_wconf 71' lang='lat' dir='ltr'>temptatis</span> <span class='ocrx_word' id='word_1_73' title='bbox 530 1536 728 1616; x_wconf 76' lang='lat' dir='ltr'>quibuslibet,</span> <span class='ocrx_word' id='word_1_74' title='bbox 746 1557 911 1616; x_wconf 82' lang='lat' dir='ltr'>eorumque</span> <span class='ocrx_word' id='word_1_75' title='bbox 928 1534 1089 1615; x_wconf 77' lang='lat' dir='ltr'>complices</span> <span class='ocrx_word' id='word_1_76' title='bbox 1104 1535 1196 1616; x_wconf 89' lang='lat' dir='ltr'>(Pius</span> <span class='ocrx_word' id='word_1_77' title='bbox 1213 1536 1269 1611; x_wconf 90' lang='lat' dir='ltr'>IX,</span> 
     </span>
    </p>
   </div>
   <div class='ocr_carea' id='block_1_3' title="bbox 202 1632 1395 1718">
    <p class='ocr_par' dir='ltr' id='par_1_4' title="bbox 202 1632 1395 1718">
     <span class='ocr_line' id='line_1_14' title="bbox 202 1632 1395 1718; baseline 0.004 -26"><span class='ocrx_word' id='word_1_78' title='bbox 202 1686 204 1692; x_wconf 92' lang='lat'><em>.</em></span> <span class='ocrx_word' id='word_1_79' title='bbox 302 1633 408 1698; x_wconf 83' lang='lat' dir='ltr'>Consi.</span> <span class='ocrx_word' id='word_1_80' title='bbox 432 1633 632 1712; x_wconf 87' lang='lat' dir='ltr'>Apostolicuc</span> <span class='ocrx_word' id='word_1_81' title='bbox 649 1633 765 1716; x_wconf 81' lang='lat' dir='ltr'>Sedis).</span> <span class='ocrx_word' id='word_1_82' title='bbox 784 1634 895 1718; x_wconf 86' lang='lat' dir='ltr'>Igitur,</span> <span class='ocrx_word' id='word_1_83' title='bbox 909 1633 936 1697; x_wconf 87' lang='lat' dir='ltr'>si</span> <span class='ocrx_word' id='word_1_84' title='bbox 949 1633 1019 1714; x_wconf 91' lang='lat' dir='ltr'>quis</span> <span class='ocrx_word' id='word_1_85' title='bbox 1030 1632 1171 1706; x_wconf 88' lang='lat' dir='ltr'>clericus,</span> <span class='ocrx_word' id='word_1_86' title='bbox 1186 1634 1272 1714; x_wconf 93' lang='lat' dir='ltr'>quod</span> <span class='ocrx_word' id='word_1_87' title='bbox 1394 1643 1395 1712; x_wconf 61' lang='lat'>3</span> 
     </span>
    </p>
   </div>
   <div class='ocr_carea' id='block_1_4' title="bbox 300 1729 1273 2392">
    <p class='ocr_par' dir='ltr' id='par_1_5' title="bbox 300 1729 1273 2392">
     <span class='ocr_line' id='line_1_15' title="bbox 302 1729 1272 1804; baseline -0.001 -9"><span class='ocrx_word' id='word_1_88' title='bbox 302 1733 385 1795; x_wconf 89' lang='lat' dir='ltr'>Deus</span> <span class='ocrx_word' id='word_1_89' title='bbox 408 1731 541 1804; x_wconf 86' lang='lat' dir='ltr'>auertat,</span> <span class='ocrx_word' id='word_1_90' title='bbox 565 1729 624 1793; x_wconf 90' lang='lat' dir='ltr'>hac</span> <span class='ocrx_word' id='word_1_91' title='bbox 647 1731 716 1795; x_wconf 92' lang='lat' dir='ltr'>labe</span> <span class='ocrx_word' id='word_1_92' title='bbox 740 1731 872 1794; x_wconf 84' lang='lat' dir='ltr'>infectus</span> <span class='ocrx_word' id='word_1_93' title='bbox 896 1729 999 1804; x_wconf 85' lang='lat' dir='ltr'>fue&#39;rit,</span> <span class='ocrx_word' id='word_1_94' title='bbox 1024 1731 1056 1792; x_wconf 91' lang='lat' dir='ltr'>et</span> <span class='ocrx_word' id='word_1_95' title='bbox 1086 1730 1201 1793; x_wconf 88' lang='lat' dir='ltr'>realem</span> <span class='ocrx_word' id='word_1_96' title='bbox 1228 1731 1272 1794; x_wconf 86' lang='lat' dir='ltr'>si-</span> 
     </span>
     <span class='ocr_line' id='line_1_16' title="bbox 301 1826 1272 1905; baseline 0.001 -13"><span class='ocrx_word' id='word_1_97' title='bbox 301 1827 438 1892; x_wconf 88' lang='lat' dir='ltr'>moniam</span> <span class='ocrx_word' id='word_1_98' title='bbox 462 1826 521 1890; x_wconf 88' lang='lat' dir='ltr'>sibi</span> <span class='ocrx_word' id='word_1_99' title='bbox 544 1827 708 1892; x_wconf 88' lang='lat' dir='ltr'>condonari</span> <span class='ocrx_word' id='word_1_100' title='bbox 732 1829 875 1905; x_wconf 88' lang='lat' dir='ltr'>voluerit,</span> <span class='ocrx_word' id='word_1_101' title='bbox 899 1830 972 1892; x_wconf 90' lang='lat' dir='ltr'>ante</span> <span class='ocrx_word' id='word_1_102' title='bbox 996 1828 1101 1892; x_wconf 90' lang='lat' dir='ltr'>omnia</span> <span class='ocrx_word' id='word_1_103' title='bbox 1124 1827 1181 1891; x_wconf 93' lang='lat' dir='ltr'>hoc</span> <span class='ocrx_word' id='word_1_104' title='bbox 1204 1847 1272 1893; x_wconf 91' lang='lat' dir='ltr'>mo·</span> 
     </span>
     <span class='ocr_line' id='line_1_17' title="bbox 301 1924 1271 2006; baseline 0 -17"><span class='ocrx_word' id='word_1_105' title='bbox 301 1925 402 1989; x_wconf 90' lang='lat' dir='ltr'>nitum</span> <span class='ocrx_word' id='word_1_106' title='bbox 426 1924 594 2006; x_wconf 86' lang='lat' dir='ltr'>perpendat</span> <span class='ocrx_word' id='word_1_107' title='bbox 617 1927 649 1988; x_wconf 92' lang='lat' dir='ltr'>et</span> <span class='ocrx_word' id='word_1_108' title='bbox 674 1926 822 1989; x_wconf 89' lang='lat' dir='ltr'>citissime</span> <span class='ocrx_word' id='word_1_109' title='bbox 853 1925 1022 1990; x_wconf 83' lang='lat' dir='ltr'>executioni</span> <span class='ocrx_word' id='word_1_110' title='bbox 1050 1924 1189 2001; x_wconf 87' lang='lat' dir='ltr'>mandet,</span> <span class='ocrx_word' id='word_1_111' title='bbox 1214 1927 1271 1989; x_wconf 92' lang='lat' dir='ltr'>sci-</span> 
     </span>
     <span class='ocr_line' id='line_1_18' title="bbox 300 2022 1273 2098; baseline 0 -12"><span class='ocrx_word' id='word_1_112' title='bbox 300 2023 393 2086; x_wconf 90' lang='lat' dir='ltr'>licet:</span> <span class='ocrx_word' id='word_1_113' title='bbox 421 2046 439 2080; x_wconf 74' lang='lat' dir='ltr'>e</span> <span class='ocrx_word' id='word_1_114' title='bbox 453 2022 613 2098; x_wconf 76' lang='lat' dir='ltr'>Dimittat,</span> <span class='ocrx_word' id='word_1_115' title='bbox 638 2029 771 2098; x_wconf 73' lang='lat' dir='ltr'>marceat,</span> <span class='ocrx_word' id='word_1_116' title='bbox 789 2024 952 2096; x_wconf 87' lang='lat' dir='ltr'>restituut‚·</span> <span class='ocrx_word' id='word_1_117' title='bbox 969 2022 1114 2086; x_wconf 85' lang='lat' dir='ltr'>videlicet</span> <span class='ocrx_word' id='word_1_118' title='bbox 1129 2022 1273 2086; x_wconf 83' lang='lat' dir='ltr'>dimittat</span> 
     </span>
     <span class='ocr_line' id='line_1_19' title="bbox 300 2120 1272 2202; baseline -0.001 -17"><span class='ocrx_word' id='word_1_119' title='bbox 300 2121 490 2194; x_wconf 87' lang='lat' dir='ltr'>beneficium,</span> <span class='ocrx_word' id='word_1_120' title='bbox 505 2121 586 2202; x_wconf 90' lang='lat' dir='ltr'>quod</span> <span class='ocrx_word' id='word_1_121' title='bbox 603 2121 696 2184; x_wconf 91' lang='lat' dir='ltr'>malis</span> <span class='ocrx_word' id='word_1_122' title='bbox 712 2122 832 2186; x_wconf 89' lang='lat' dir='ltr'>artibus</span> <span class='ocrx_word' id='word_1_123' title='bbox 845 2120 1029 2202; x_wconf 89' lang='lat' dir='ltr'>acquisivit;</span> <span class='ocrx_word' id='word_1_124' title='bbox 1045 2124 1171 2182; x_wconf 81' lang='lat' dir='ltr'>moueat</span> <span class='ocrx_word' id='word_1_125' title='bbox 1185 2139 1272 2197; x_wconf 90' lang='lat' dir='ltr'>eum,</span> 
     </span>
     <span class='ocr_line' id='line_1_20' title="bbox 301 2219 1273 2302; baseline 0 -19"><span class='ocrx_word' id='word_1_126' title='bbox 301 2221 353 2302; x_wconf 90' lang='lat' dir='ltr'>qui</span> <span class='ocrx_word' id='word_1_127' title='bbox 377 2220 511 2301; x_wconf 89' lang='lat' dir='ltr'>pretium</span> <span class='ocrx_word' id='word_1_128' title='bbox 535 2220 663 2301; x_wconf 89' lang='lat' dir='ltr'>accepit,</span> <span class='ocrx_word' id='word_1_129' title='bbox 688 2219 825 2283; x_wconf 87' lang='lat' dir='ltr'>utillud</span> <span class='ocrx_word' id='word_1_130' title='bbox 849 2221 879 2282; x_wconf 92' lang='lat' dir='ltr'>in</span> <span class='ocrx_word' id='word_1_131' title='bbox 904 2219 1058 2282; x_wconf 80' lang='lat' dir='ltr'>Ecclesiae</span> <span class='ocrx_word' id='word_1_132' title='bbox 1082 2219 1133 2282; x_wconf 82' lang='lat' dir='ltr'>uel</span> <span class='ocrx_word' id='word_1_133' title='bbox 1159 2237 1273 2302; x_wconf 76' lang='lat' dir='ltr'>egeno</span> 
     </span>
     <span class='ocr_line' id='line_1_21' title="bbox 300 2317 1271 2392; baseline -0.001 -10"><span class='ocrx_word' id='word_1_134' title='bbox 300 2339 369 2382; x_wconf 91' lang='lat' dir='ltr'>rum</span> <span class='ocrx_word' id='word_1_135' title='bbox 394 2318 592 2382; x_wconf 88' lang='lat' dir='ltr'>commodum</span> <span class='ocrx_word' id='word_1_136' title='bbox 616 2319 795 2392; x_wconf 78' lang='lat' dir='ltr'>convertat3</span> <span class='ocrx_word' id='word_1_137' title='bbox 820 2318 966 2381; x_wconf 85' lang='lat' dir='ltr'>restituat</span> <span class='ocrx_word' id='word_1_138' title='bbox 1000 2317 1121 2380; x_wconf 78' lang='lat' dir='ltr'>fructus</span> <span class='ocrx_word' id='word_1_139' title='bbox 1152 2335 1271 2392; x_wconf 89' lang='lat' dir='ltr'>omnes,</span> 
     </span>
    </p>
   </div>
   <div class='ocr_carea' id='block_1_5' title="bbox 302 2415 1394 2498">
    <p class='ocr_par' dir='ltr' id='par_1_6' title="bbox 302 2415 1394 2498">
     <span class='ocr_line' id='line_1_22' title="bbox 302 2415 1394 2498; baseline 0.002 -19"><span class='ocrx_word' id='word_1_140' title='bbox 302 2435 378 2498; x_wconf 89' lang='lat' dir='ltr'>quos</span> <span class='ocrx_word' id='word_1_141' title='bbox 398 2416 437 2480; x_wconf 94' lang='lat' dir='ltr'>ab</span> <span class='ocrx_word' id='word_1_142' title='bbox 452 2415 587 2480; x_wconf 77' lang='lat' dir='ltr'>Ecclesia</span> <span class='ocrx_word' id='word_1_143' title='bbox 604 2417 819 2497; x_wconf 77' lang='lat' dir='ltr'>perceperit»,</span> <span class='ocrx_word' id='word_1_144' title='bbox 836 2416 882 2480; x_wconf 90' lang='lat' dir='ltr'>ait</span> <span class='ocrx_word' id='word_1_145' title='bbox 895 2415 1007 2479; x_wconf 91' lang='lat' dir='ltr'>Bened.</span> <span class='ocrx_word' id='word_1_146' title='bbox 1020 2415 1106 2490; x_wconf 89' lang='lat' dir='ltr'>XlV,</span> <span class='ocrx_word' id='word_1_147' title='bbox 1120 2415 1198 2491; x_wconf 89' lang='lat' dir='ltr'>lust,</span> <span class='ocrx_word' id='word_1_148' title='bbox 1216 2417 1270 2492; x_wconf 83' lang='lat'>12,</span> <span class='ocrx_word' id='word_1_149' title='bbox 1393 2435 1394 2454; x_wconf 35' lang='lat' dir='ltr'>i</span> 
     </span>
    </p>
   </div>
   <div class='ocr_carea' id='block_1_6' title="bbox 302 2514 725 2596">
    <p class='ocr_par' dir='ltr' id='par_1_7' title="bbox 302 2514 725 2596">
     <span class='ocr_line' id='line_1_23' title="bbox 302 2514 725 2596; baseline -0.002 -20"><span class='ocrx_word' id='word_1_150' title='bbox 302 2533 331 2577; x_wconf 81' lang='lat' dir='ltr'>n.</span> <span class='ocrx_word' id='word_1_151' title='bbox 357 2514 397 2576; x_wconf 82' lang='lat'>12</span> <span class='ocrx_word' id='word_1_152' title='bbox 422 2514 524 2596; x_wconf 80' lang='lat' dir='ltr'>pua,</span> <span class='ocrx_word' id='word_1_153' title='bbox 549 2515 609 2577; x_wconf 75' lang='lat' dir='ltr'>arc.</span> <span class='ocrx_word' id='word_1_154' title='bbox 635 2514 725 2596; x_wconf 82' lang='lat'>815).</span> 
     </span>
    </p>
   </div>
   <div class='ocr_carea' id='block_1_7' title="bbox 293 2717 1151 2892">
    <p class='ocr_par' dir='ltr' id='par_1_8' title="bbox 293 2717 1151 2892">
     <span class='ocr_line' id='line_1_24' title="bbox 293 2717 1151 2805; baseline 0 -22"><span class='ocrx_word' id='word_1_155' title='bbox 293 2765 295 2768; x_wconf 86' lang='lat'>-</span> <span class='ocrx_word' id='word_1_156' title='bbox 415 2720 491 2805; x_wconf 77' lang='lat' dir='ltr'>nar.</span> <span class='ocrx_word' id='word_1_157' title='bbox 516 2719 570 2782; x_wconf 87' lang='lat' dir='ltr'>lV.</span> <span class='ocrx_word' id='word_1_158' title='bbox 596 2718 645 2784; x_wconf 81' lang='lat' dir='ltr'>lle</span> <span class='ocrx_word' id='word_1_159' title='bbox 669 2719 888 2801; x_wconf 86' lang='lat' dir='ltr'>possessione</span> <span class='ocrx_word' id='word_1_160' title='bbox 911 2720 947 2784; x_wconf 88' lang='lat' dir='ltr'>et</span> <span class='ocrx_word' id='word_1_161' title='bbox 969 2717 1151 2784; x_wconf 85' lang='lat' dir='ltr'>uacatione</span> 
     </span>
     <span class='ocr_line' id='line_1_25' title="bbox 649 2825 1030 2892; baseline 0.005 -2"><span class='ocrx_word' id='word_1_162' title='bbox 649 2825 917 2892; x_wconf 84' lang='lat' dir='ltr'>Beneficiorum.</span> <span class='ocrx_word' id='word_1_163' title='bbox 1028 2845 1030 2850; x_wconf 92' lang='lat'>·</span> 
     </span>
    </p>
   </div>
   <div class='ocr_carea' id='block_1_8' title="bbox 348 2991 1393 3072">
    <p class='ocr_par' dir='ltr' id='par_1_9' title="bbox 348 2991 1393 3072">
     <span class='ocr_line' id='line_1_26' title="bbox 348 2991 1393 3072; baseline 0.008 -16"><span class='ocrx_word' id='word_1_164' title='bbox 348 2994 443 3057; x_wconf 85' lang='grc'><strong>1129.</strong></span> <span class='ocrx_word' id='word_1_165' title='bbox 458 3031 500 3040; x_wconf 89' lang='lat'>-</span> <span class='ocrx_word' id='word_1_166' title='bbox 517 2995 698 3060; x_wconf 77' lang='lat' dir='ltr'>Possessio.</span> <span class='ocrx_word' id='word_1_167' title='bbox 712 3029 755 3040; x_wconf 92' lang='lat'><em>-</em></span> <span class='ocrx_word' id='word_1_168' title='bbox 769 2994 795 3056; x_wconf 88' lang='lat' dir='ltr'>I.</span> <span class='ocrx_word' id='word_1_169' title='bbox 808 2991 941 3058; x_wconf 82' lang='lat' dir='ltr'>Collatia</span> <span class='ocrx_word' id='word_1_170' title='bbox 956 2995 1007 3057; x_wconf 89' lang='lat' dir='ltr'>ius</span> <span class='ocrx_word' id='word_1_171' title='bbox 1020 2992 1132 3056; x_wconf 80' lang='lat' dir='ltr'>tribuit</span> <span class='ocrx_word' id='word_1_172' title='bbox 1146 2993 1270 3072; x_wconf 82' lang='lat' dir='ltr'>capien-</span> <span class='ocrx_word' id='word_1_173' title='bbox 1392 3057 1393 3064; x_wconf 71' lang='grc'>,</span> 
     </span>
    </p>
   </div>
   <div class='ocr_carea' id='block_1_9' title="bbox 301 3091 1268 3564">
    <p class='ocr_par' dir='ltr' id='par_1_10' title="bbox 301 3091 1268 3368">
     <span class='ocr_line' id='line_1_27' title="bbox 301 3091 1268 3172; baseline 0 -18"><span class='ocrx_word' id='word_1_174' title='bbox 301 3091 359 3154; x_wconf 83' lang='lat' dir='ltr'>due</span> <span class='ocrx_word' id='word_1_175' title='bbox 370 3091 577 3171; x_wconf 83' lang='lat' dir='ltr'>possessionis</span> <span class='ocrx_word' id='word_1_176' title='bbox 594 3091 744 3171; x_wconf 70' lang='lat' dir='ltr'>beneficii,</span> <span class='ocrx_word' id='word_1_177' title='bbox 758 3091 811 3155; x_wconf 89' lang='lat' dir='ltr'>sed</span> <span class='ocrx_word' id='word_1_178' title='bbox 828 3110 917 3155; x_wconf 86' lang='lat' dir='ltr'>nemo</span> <span class='ocrx_word' id='word_1_179' title='bbox 934 3091 1123 3154; x_wconf 90' lang='lat' dir='ltr'>auctoritate</span> <span class='ocrx_word' id='word_1_180' title='bbox 1142 3091 1268 3172; x_wconf 86' lang='lat' dir='ltr'>propria</span> 
     </span>
     <span class='ocr_line' id='line_1_28' title="bbox 301 3187 1267 3272; baseline -0.003 -19"><span class='ocrx_word' id='word_1_181' title='bbox 301 3189 524 3271; x_wconf 85' lang='lat' dir='ltr'>possessionem·</span> <span class='ocrx_word' id='word_1_182' title='bbox 546 3207 652 3270; x_wconf 90' lang='lat' dir='ltr'>capere</span> <span class='ocrx_word' id='word_1_183' title='bbox 676 3191 789 3271; x_wconf 85' lang='lat' dir='ltr'>potest,</span> <span class='ocrx_word' id='word_1_184' title='bbox 806 3207 873 3272; x_wconf 91' lang='lat' dir='ltr'>cap.</span> <span class='ocrx_word' id='word_1_185' title='bbox 888 3188 940 3264; x_wconf 89' lang='grc'>18,</span> <span class='ocrx_word' id='word_1_186' title='bbox 956 3188 993 3252; x_wconf 85' lang='lat' dir='ltr'>de</span> <span class='ocrx_word' id='word_1_187' title='bbox 1009 3187 1169 3252; x_wconf 80' lang='lat' dir='ltr'>Praebeo.</span> <span class='ocrx_word' id='word_1_188' title='bbox 1186 3188 1218 3252; x_wconf 92' lang='lat' dir='ltr'>in</span> <span class='ocrx_word' id='word_1_189' title='bbox 1236 3188 1267 3263; x_wconf 88' lang='grc'>6,</span> 
     </span>
     <span class='ocr_line' id='line_1_29' title="bbox 302 3284 728 3368; baseline -0.005 -18"><span class='ocrx_word' id='word_1_190' title='bbox 302 3287 333 3350; x_wconf 88' lang='lat' dir='ltr'>et</span> <span class='ocrx_word' id='word_1_191' title='bbox 356 3306 422 3368; x_wconf 86' lang='lat' dir='ltr'>cap.</span> <span class='ocrx_word' id='word_1_192' title='bbox 445 3287 496 3361; x_wconf 88' lang='lat'>19,</span> <span class='ocrx_word' id='word_1_193' title='bbox 515 3286 558 3353; x_wconf 76' lang='lat' dir='ltr'>,cte</span> <span class='ocrx_word' id='word_1_194' title='bbox 575 3284 728 3368; x_wconf 80' lang='lat' dir='ltr'>Privilep.</span> 
     </span>
    </p>

    <p class='ocr_par' dir='ltr' id='par_1_11' title="bbox 301 3384 1268 3564">
     <span class='ocr_line' id='line_1_30' title="bbox 347 3384 1268 3465; baseline 0 -17"><span class='ocrx_word' id='word_1_195' title='bbox 347 3385 503 3448; x_wconf 71' lang='grc'><strong>11311-</strong></span> <span class='ocrx_word' id='word_1_196' title='bbox 528 3384 568 3447; x_wconf 92' lang='lat' dir='ltr'>ll.</span> <span class='ocrx_word' id='word_1_197' title='bbox 585 3384 749 3448; x_wconf 84' lang='lat' dir='ltr'>Possessio</span> <span class='ocrx_word' id='word_1_198' title='bbox 772 3386 929 3465; x_wconf 81' lang='lat' dir='ltr'>arripitur</span> <span class='ocrx_word' id='word_1_199' title='bbox 946 3404 1007 3463; x_wconf 92' lang='lat' dir='ltr'>per</span> <span class='ocrx_word' id='word_1_200' title='bbox 1029 3385 1209 3464; x_wconf 78' lang='lat' dir='ltr'>inpressum</span> <span class='ocrx_word' id='word_1_201' title='bbox 1232 3385 1268 3448; x_wconf 82' lang='lat' dir='ltr'>iu</span> 
     </span>
     <span class='ocr_line' id='line_1_31' title="bbox 301 3481 1268 3564; baseline 0 -18"><span class='ocrx_word' id='word_1_202' title='bbox 301 3481 484 3558; x_wconf 83' lang='lat' dir='ltr'>Ecclesium,</span> <span class='ocrx_word' id='word_1_203' title='bbox 507 3481 562 3544; x_wconf 85' lang='lat' dir='ltr'>ubi</span> <span class='ocrx_word' id='word_1_204' title='bbox 584 3485 630 3545; x_wconf 88' lang='lat' dir='ltr'>est</span> <span class='ocrx_word' id='word_1_205' title='bbox 657 3481 768 3546; x_wconf 85' lang='lat' dir='ltr'>titulus</span> <span class='ocrx_word' id='word_1_206' title='bbox 791 3482 941 3563; x_wconf 74' lang='lat' dir='ltr'>beneficii,</span> <span class='ocrx_word' id='word_1_207' title='bbox 966 3481 1142 3564; x_wconf 81' lang='lat' dir='ltr'>occupando</span> <span class='ocrx_word' id='word_1_208' title='bbox 1164 3482 1268 3546; x_wconf 77' lang='lat' dir='ltr'>sedern</span> 
     </span>
    </p>
   </div>
   <div class='ocr_carea' id='block_1_10' title="bbox 300 3579 1392 3662">
    <p class='ocr_par' dir='ltr' id='par_1_12' title="bbox 300 3579 1392 3662">
     <span class='ocr_line' id='line_1_32' title="bbox 300 3579 1392 3662; baseline -0.001 -19"><span class='ocrx_word' id='word_1_209' title='bbox 300 3580 528 3644; x_wconf 85' lang='lat' dir='ltr'>coureuieuteru</span> <span class='ocrx_word' id='word_1_210' title='bbox 547 3579 644 3642; x_wconf 86' lang='lat' dir='ltr'>ueluti</span> <span class='ocrx_word' id='word_1_211' title='bbox 667 3580 798 3644; x_wconf 88' lang='lat' dir='ltr'>stallum</span> <span class='ocrx_word' id='word_1_212' title='bbox 820 3581 852 3644; x_wconf 91' lang='lat' dir='ltr'>in</span> <span class='ocrx_word' id='word_1_213' title='bbox 876 3579 984 3656; x_wconf 79' lang='lat' dir='ltr'>Charo,</span> <span class='ocrx_word' id='word_1_214' title='bbox 1001 3582 1058 3644; x_wconf 90' lang='lat' dir='ltr'>aut</span> <span class='ocrx_word' id='word_1_215' title='bbox 1072 3598 1267 3662; x_wconf 80' lang='lat' dir='ltr'>¹campanam</span> <span class='ocrx_word' id='word_1_216' title='bbox 1391 3629 1392 3642; x_wconf 67' lang='grc'>,</span> 
     </span>
    </p>
   </div>
   <div class='ocr_carea' id='block_1_11' title="bbox 301 3669 1267 3760">
    <p class='ocr_par' dir='ltr' id='par_1_13' title="bbox 301 3643 1392 3762">
     <span class='ocr_line' id='line_1_33' title="bbox 301 3669 1267 3760; baseline 0.004 -21"><span class='ocrx_word' id='word_1_217' title='bbox 301 3675 463 3758; x_wconf 86' lang='lat' dir='ltr'>pulsando,</span> <span class='ocrx_word' id='word_1_218' title='bbox 475 3674 584 3739; x_wconf 84' lang='lat' dir='ltr'>Altare</span> <span class='ocrx_word' id='word_1_219' title='bbox 601 3676 778 3754; x_wconf 89' lang='lat' dir='ltr'>osculando,</span> <span class='ocrx_word' id='word_1_220' title='bbox 794 3676 922 3742; x_wconf 87' lang='lat' dir='ltr'>Missale</span> <span class='ocrx_word' id='word_1_221' title='bbox 937 3669 1101 3760; x_wconf 85' lang='lat' dir='ltr'>aperiendo</span> <span class='ocrx_word' id='word_1_222' title='bbox 1118 3677 1168 3740; x_wconf 87' lang='lat' dir='ltr'>vel</span> <span class='ocrx_word' id='word_1_223' title='bbox 1183 3676 1267 3741; x_wconf 87' lang='lat' dir='ltr'>clau·</span> 
     </span>
    </p>
   </div>
   <div class='ocr_carea' id='block_1_12' title="bbox 0 0 1411 4268">
    <p class='ocr_par' dir='ltr' id='par_1_14' title="bbox 0 0 1411 4268">
     <span class='ocr_line' id='line_1_34' title="bbox 0 0 1411 4268; baseline 0 0"><span class='ocrx_word' id='word_1_224' title='bbox 0 0 1411 4268; x_wconf 95' lang='lat' dir='ltr'> </span> 
     </span>
    </p>
   </div>
  </div>
 </body>
</html>
