2856 4276
525 267 751 313 Pnotsaonunt
1084 269 1121 322 35

196 470 249 532 37.
274 507 318 514 -
347 467 424 531 Cara
454 473 557 532 aretem
582 471 615 532 in
642 469 825 534 monarchia
851 469 988 550 perfecta
1013 493 1119 540 orienes

137 567 361 632 sntir'ciantnr
376 567 443 640 neci,
469 568 610 647 sequitur
635 585 740 631 omnes
764 567 877 642 fideles,
906 569 969 632 sive
992 569 1118 636 clericos

139 666 217 729 sive
240 665 345 740 laicoa
375 664 439 726 sive
470 664 636 745 Episcopus
671 666 734 728 sive
767 665 950 742 sacerdotes,
975 667 1043 730 tum
1071 686 1119 732 se·

143 763 288 845 paratim
316 763 384 825 tum
411 761 564 826 collective
591 765 741 845 sumptos,
770 763 879 828 subiici
906 782 960 828 um
992 767 1119 830 Cnmsm

145 861 295 938 anmo,
328 862 462 924 Rouana
495 862 661 938 Porrima,
693 863 829 927 universi
852 863 934 928 orbis
958 864 1119 930 christiani

144 1099 189 1151 ab
209 1115 243 1152 eo
264 1098 338 1151 haud
368 1097 508 1152 immerito
537 1097 747 1152 obsoleverunt.
772 1099 841 1152 Eam
861 1099 961 1153 deinde
993 1099 1119 1168 pluribus

144 1188 213 1242 iure
228 1187 375 1242 nominare
395 1187 503 1254 placuit
523 1188 657 1240 actionem
677 1189 858 1242 christianam
875 1191 1051 1256 popularem.
1071 1190 1121 1246 Est

145 1278 242 1330 etiam
263 1277 319 1342 ubi,
340 1276 388 1344 qui
408 1276 460 1329 tali
481 1276 519 1329 rei
539 1277 609 1328 dant
628 1293 751 1344 operam,
770 1279 885 1332 sociales
909 1280 1056 1334 christiani
1075 1297 1121 1334 vo·

144 1368 270 1418 eantur:
292 1363 360 1416 alibi
383 1380 446 1417 vero
473 1363 536 1431 ipsa
565 1363 682 1417 vocatur
710 1365 877 1419 democratia
905 1367 1066 1432 christiana,
1087 1382 1121 1421 ac

142 1456 331 1510 democratici
359 1455 507 1509 christiani
526 1453 574 1522 qui
594 1454 683 1507 eidem
713 1455 813 1520 dediti;
833 1459 933 1510 contra
952 1473 1014 1510 eam
1034 1475 1119 1525 quam

147 1544 316 1598 socialistae
336 1544 511 1598 contendunt
530 1544 724 1598 democratiam
748 1546 883 1600 socialem.
904 1572 938 1582 -
957 1547 1085 1601 Iamvero
1105 1563 1120 1602 e

146 1635 228 1688 binis
248 1635 289 1688 rei
309 1634 513 1703 significandae
536 1637 626 1690 modis
655 1641 796 1701 postremo
815 1636 876 1690 loco
896 1637 1000 1704 allatis,
1020 1638 1043 1692 si
1063 1655 1120 1693 non

146 1725 225 1778 adeo
246 1723 351 1791 primus
371 1725 486 1778 sociales
506 1725 660 1790 christiani,
681 1725 754 1779 alter
773 1729 857 1785 certe,
872 1727 1040 1781 democratia
1053 1729 1122 1782 chri·

143 1817 258 1878 atiana,
285 1813 359 1881 apud
389 1813 475 1867 bonos
504 1814 597 1880 plures
626 1813 809 1868 offensionem
836 1815 931 1873 habet.
952 1815 1056 1884 quippe
1076 1815 1121 1871 oui

145 1903 321 1971 ambiguum
342 1903 475 1971 quiddam
488 1909 516 1956 et
528 1905 715 1972 periculosum
731 1904 930 1959 adhaerescere
950 1906 1122 1961 existiment

150 1995 201 2048 Ab
220 1994 273 2046 hac
293 1993 368 2047 enim
389 1993 581 2060 appellatione
601 1997 739 2054 metuunt,
760 1994 822 2062 plur
842 1999 899 2048 unt
912 1996 946 2049 de
962 2013 1059 2050 causa:
1081 1997 1125 2050 vi-

149 2082 268 2147 delicet,
288 2099 324 2138 ne
344 2099 398 2150 quo
418 2083 530 2136 obtecto
560 2083 652 2136 studio
681 2083 825 2150 popularia
853 2083 953 2137 civitas
983 2083 1122 2154 foveatur,

148 2172 202 2225 vel
223 2172 322 2226 ceteris
343 2171 467 2239 politicis
489 2172 585 2226 formis
616 2175 810 2240 praeoptatum
830 2189 865 2226 ne
885 2173 921 2226 ad
941 2173 1030 2241 plebis
1050 2189 1123 2228 com·

150 2261 250 2320 moda,
264 2261 364 2316 ceteris
384 2265 531 2329 tamquam
551 2262 665 2316 semotis
681 2262 864 2329 reipublicae
883 2263 1036 2330 ordinibus,
1051 2263 1124 2317 chri·

153 2353 270 2405 stianae
300 2351 446 2421 religionis
466 2351 555 2404 virtus
576 2351 756 2420 coangustari
784 2351 928 2406 videatur:
948 2369 983 2406 ne
1002 2352 1124 2421 denique

149 2440 209 2493 sab
230 2439 325 2493 fucato
358 2439 471 2493 nomine
502 2439 641 2506 quoddam
676 2441 766 2493 lateat
798 2441 972 2508 propositum
1001 2442 1124 2511 legitimi

148 2528 280 2582 cuiusvis
308 2527 427 2596 imperii,
459 2527 559 2591 civilis,
583 2529 663 2591 sacri,
692 2528 883 2583 detrectandi.
906 2557 942 2568 -
960 2530 1022 2595 Qua
1040 2531 1075 2586 de
1094 2549 1125 2587 re

154 2632 244 2684 quum
265 2615 349 2682 vulgo
368 2616 425 2668 iam
445 2615 531 2668 nimis
553 2619 581 2668 et
600 2633 802 2683 nonnunquam
822 2617 924 2671 acriter
943 2617 1124 2688 disceptetur,

152 2709 254 2758 monet
274 2705 447 2760 conscientia
475 2701 561 2759 officii
579 2709 611 2758 ut
630 2707 838 2760 controversiae
866 2707 978 2762 modum
998 2709 1124 2777 impona·

154 2813 229 2858 mus,
249 2794 415 2848 definientes
435 2795 570 2862 quidnam
592 2795 660 2848 sita
675 2795 822 2849 catholicis
842 2796 870 2848 in
891 2797 944 2851 hac
958 2815 987 2852 re
1002 2799 1124 2853 sentien-

152 2881 238 2934 dum:
259 2884 390 2948 praetera
409 2881 547 2948 quaedam
567 2882 758 2949 praescribere
771 2883 918 2936 consilium
933 2887 983 2951 est,
999 2902 1052 2952 quo
1067 2903 1124 2939 am·

156 2969 232 3036 plior
246 2969 296 3022 fiat
311 2969 435 3036 ipsorum
451 2968 535 3035 actio,
550 2969 696 3036 multoque
715 2969 853 3024 salubrior
872 2971 983 3025 civitati
1002 2974 1125 3030 eveniat.

201 3056 213 3080 ⁸
231 3057 304 3122 Quid
330 3057 498 3112 democratia
524 3059 635 3112 sodalis
660 3058 817 3126 velitquid
844 3059 916 3113 velle
943 3062 1125 3116 christianam

155 3149 297 3214 oporteat,
317 3147 454 3200 incertum
475 3147 560 3215 plane
574 3163 634 3201 esse
657 3149 764 3215 nequit.
781 3149 880 3202 Altera
899 3148 982 3214 enim,
996 3149 1059 3215 plus
1074 3151 1125 3204 mi·

155 3254 247 3290 nusae
257 3238 480 3304 intemperanter
493 3253 556 3290 eam
566 3237 655 3290 libeat
665 3237 798 3304 profiteri,
807 3255 894 3305 usque
904 3255 936 3292 eo
947 3239 1098 3306 pravitatis
1109 3256 1127 3294 a

159 3326 256 3381 multis
271 3325 457 3394 compellitur,
471 3325 543 3379 nihil
554 3331 585 3379 ut
596 3326 750 3394 quidquam
764 3345 849 3395 supra
862 3328 986 3380 humana
998 3332 1125 3395 reputet3

157 3416 283 3484 corporis
298 3417 372 3469 bona
385 3420 471 3483 atque
491 3419 606 3468 externa
622 3419 809 3481 consectetur,
822 3417 851 3470 in
866 3417 961 3484 eisque
976 3417 1126 3485 captandis

160 3503 287 3558 fruendis
320 3503 441 3558 hominis
473 3504 641 3558 beatitatem
677 3505 840 3559 constituat.
874 3505 946 3560 Hinc
977 3506 1126 3574 imperium

159 3611 246 3661 penes
267 3595 377 3664 plebem
398 3594 564 3650 incivitate
590 3594 680 3649 velint
710 3611 779 3662 esse,
799 3599 838 3662 ut,
859 3595 977 3662 sublatis
997 3597 1127 3652 ordinum

158 3683 295 3751 gradibus
328 3683 512 3752 aequatisque
533 3684 649 3752 civibus,
669 3684 705 3738 ad
724 3685 860 3739 bonorum
881 3685 967 3740 etiam
986 3686 1060 3740 inter
1079 3704 1127 3742 eos
