2758 4270
288 265 354 313 cnP.
376 265 406 309 V.
430 265 470 310 DE
494 263 649 312 Monscffls
672 264 711 310 ΕΤ
733 262 948 310 REGULARIBUS
1049 260 1101 313 317

134 459 265 525 Ordines
288 459 434 524 alumnus
458 457 716 543 congregationis
742 461 887 524 votorum
916 459 1101 523 solemnium

135 558 367 640 promoveatur,
393 555 466 638 quin
490 557 576 637 prins
600 557 764 620 solemnem
790 556 1010 638 professionem
1026 557 1103 620 emi·

133 656 222 730 serit,
246 655 295 718 vel
319 674 372 737 per
394 656 553 737 integrum
577 655 744 718 triennium
770 653 800 718 in
814 654 894 718 votis
910 653 1103 734 simplicibus

133 754 389 836 perseveraverit,
412 753 439 815 si
463 752 610 816 alumnus
633 753 781 818 instituto
805 752 949 816 votorum
981 751 1101 834 simpli·

132 851 217 916 cium
241 851 284 913 sit
307 849 460 914 addictus.
486 847 625 928 Quodsi
649 849 805 912 interdum
834 866 928 912 causa
959 848 1102 930 legitima

133 949 288 1022 occurrat,
304 967 359 1010 cur
375 947 529 1028 quispiam
541 966 643 1012 sacros
655 947 784 1011 Ordines
797 946 956 1028 suscipiat,
970 946 1101 1011 triennio

132 1045 273 1110 noudum
286 1046 417 1126 expleto,
433 1045 498 1127 peti
515 1045 630 1126 poterit
645 1045 684 1109 ab
697 1045 878 1126 Apostolica
892 1043 967 1108 Sede
984 1044 1101 1126 dispen-

133 1142 409 1218 satio,utolericus
418 1141 645 1206 rotasolemnia
654 1161 830 1223 nuncupare
842 1142 950 1224 possit,
960 1143 1102 1222 quamvis

133 1259 194 1304 non
212 1239 380 1321 expleverit
392 1238 576 1312 triennium
593 1239 696 1321 quoad
710 1239 857 1304 instituta
874 1257 945 1304 vero
958 1242 1101 1304 votorum

131 1337 333 1419 simplicium,
356 1339 393 1399 ut
409 1337 483 1400 vota
500 1337 653 1418 simplicia
669 1339 817 1419 perpetua
834 1338 976 1401 emittere
992 1337 1101 1419 possit,

131 1435 278 1518 quamvis
295 1453 354 1498 non
370 1434 490 1515 expleto
506 1436 645 1516 tempore
660 1453 678 1498 a
695 1435 859 1518 respectivi
874 1435 1013 1499 instituti
1029 1453 1102 1500 con·

131 1533 353 1598 stitutionibus
377 1533 564 1615 praescripto
588 1550 643 1615 pro
667 1533 854 1615 professione
870 1533 1014 1597 votorum
1031 1533 1102 1596 sim-

132 1631 264 1715 plicium
288 1632 516 1712 perpetuorum.
1132 1687 1135 1694 .

179 1729 257 1792 925.
273 1765 314 1774 -
342 1751 360 1787 ‹
377 1729 434 1792 lll.
460 1729 684 1809 Dispositiones
701 1729 864 1794 contentae
880 1729 912 1792 in
929 1727 1050 1792 decreto
1068 1728 1099 1793 S.

133 1830 168 1896 O.
183 1825 314 1892 Consilii
326 1827 498 1891 iussusm.
511 1826 630 1890 Urbani
647 1825 825 1900 VlIl,edito
841 1825 890 1899 die
907 1827 946 1888 21
966 1823 1102 1906 Septem·

131 1927 198 1990 bris
213 1925 309 2000 1624,
323 1924 413 2006 incip.
434 1921 534 1987 Sacra
550 1921 767 2004 Conprepota'o,
780 1942 816 1988 ac
832 1924 863 1987 in
880 1922 1002 1987 decreto
1020 1923 1100 1988 eius·

132 2025 206 2089 dem
220 2025 251 2088 S.
266 2023 299 2087 C.
314 2023 400 2086 iussu
413 2041 436 2086 s.
451 2042 491 2084 nr.
506 2022 675 2086 Innocentii
690 2021 761 2097 ΧΠ,
774 2021 859 2086 edito
872 2021 920 2084 die
933 2021 976 2083 24
989 2023 1102 2086 mensis

131 2121 209 2185 Iulii
232 2121 305 2184 anni
331 2119 427 2194 1694,
453 2119 543 2201 incip.
557 2117 766 2193 Iactantibus,
784 2137 820 2182 ac
837 2119 867 2181 in
884 2117 956 2181 aliis
972 2117 1103 2182 decretis

130 2217 341 2302 generalibus,
366 2216 477 2298 quibus
501 2215 665 2280 methodus
682 2214 877 2278 ordinatura
893 2213 1104 2295 superioribus

130 2315 286 2380 Ordinum
309 2313 502 2396 regularium
525 2312 675 2378 servanda
699 2313 730 2376 in
756 2311 942 2394 expellendis
969 2313 1103 2394 propriis

131 2412 281 2486 alumnis,
306 2410 419 2476 nedum
443 2412 474 2474 in
497 2429 553 2474 suo
577 2412 686 2476 robore
711 2412 846 2485 manent,
865 2409 918 2474 sed
934 2409 1103 2474 servandae

131 2511 337 2592 imponuntur
359 2509 455 2572 etiam
480 2509 691 2590 superioribus
714 2508 935 2572 institutorum
960 2510 1104 2572 notorum

132 2607 336 2690 simplicium,
354 2606 475 2686 quoties
491 2607 605 2688 agatur
620 2605 657 2669 de
673 2605 778 2687 aliquo
796 2605 923 2669 alumno
941 2605 1012 2668 vota
1029 2605 1103 2668 sim-

132 2706 229 2790 plicia
252 2704 375 2785 quidem
399 2703 452 2768 sed
475 2706 623 2786 perpetua
647 2703 795 2785 professo,
820 2703 869 2767 vel
893 2703 974 2766 votis
987 2701 1104 2785 simpli-

131 2805 222 2868 cibus
246 2802 452 2884 temporaneis
475 2801 625 2866 adstricto
649 2821 685 2864 ac
707 2801 739 2864 in
762 2801 859 2866 sacris
875 2801 998 2882 insuper
1015 2799 1105 2865 Ordi-

132 2901 227 2966 nibus
251 2900 422 2964 oonstituto
445 2899 647 2964 dimittendo:
672 2900 718 2962 ita
741 2902 778 2962 ut
801 2899 912 2963 horum
940 2899 1104 2974 neminem,

131 3001 164 3064 et
188 2998 251 3081 ipsi
273 2997 430 3062 dimittere
453 2998 589 3073 valeant,
614 2999 652 3061 ut
675 3017 766 3073 nunc,
791 2997 910 3061 dictum
927 2998 975 3060 est
992 2996 1050 3060 nisi
1066 2997 1104 3060 cb

132 3099 260 3179 culpam
285 3113 422 3179 gravem,
447 3096 615 3170 externam,
640 3096 671 3160 et
694 3095 861 3177 publicam,
878 3095 910 3158 et
925 3094 984 3158 nisi
1001 3094 1103 3176 culpe·

132 3195 208 3260 bilis
232 3193 275 3257 sit
297 3193 393 3257 etiam
415 3193 645 3276 incorrigibilis.
672 3193 717 3259 Ut
739 3196 845 3258 autem
878 3193 946 3274 quis
976 3193 1105 3257 incorri-

132 3293 242 3378 gibilis
265 3310 371 3355 revere
395 3291 555 3366 habeatur,
571 3292 743 3374 superiores
766 3292 965 3373 praemittere
981 3290 1102 3365 debent,

132 3389 291 3456 distinctis
315 3389 516 3470 temporibus,
541 3389 657 3454 trinam
680 3389 923 3454 admonitionem
947 3390 979 3453 et
1001 3407 1102 3453 corre-

133 3490 287 3561 ctionem;
311 3505 372 3568 qua
396 3487 474 3550 nihil
497 3486 684 3569 proliciente,
709 3487 880 3569 superiores
904 3487 1015 3551 debent
1033 3506 1102 3568 pro·

134 3606 256 3652 cessum
280 3585 388 3649 contre
411 3584 640 3666 delinquentem
653 3585 814 3661 instruere,
828 3603 988 3667 processus
1003 3584 1099 3648 resul-

135 3685 238 3748 tantia
262 3683 407 3746 accusato
438 3683 617 3759 contestari,
649 3681 748 3746 eidem
779 3683 901 3766 tempus
928 3702 1101 3768 congruum
